<?xml version="1.0" encoding="UTF-8"?>
<!DOCTYPE html PUBLIC "-//W3C//DTD XHTML 1.0 Transitional//EN"
    "http://www.w3.org/TR/xhtml1/DTD/xhtml1-transitional.dtd">
<html xmlns="http://www.w3.org/1999/xhtml" xml:lang="en" lang="en">
 <head>
  <title>
</title>
<meta http-equiv="Content-Type" content="text/html;charset=utf-8" />
  <meta name='ocr-system' content='tesseract 3.04.00' />
  <meta name='ocr-capabilities' content='ocr_page ocr_carea ocr_par ocr_line ocrx_word'/>
</head>
<body>
  <div class='ocr_page' id='page_1' title='image "4764145_0012.png"; bbox 0 0 2781 3609; ppageno 0'>
   <div class='ocr_carea' id='block_1_1' title="bbox 1975 284 1996 303">
    <p class='ocr_par' dir='ltr' id='par_1_1' title="bbox 1975 284 1996 303">
     <span class='ocr_line' id='line_1_1' title="bbox 1975 284 1996 303; baseline 0 0"><span class='ocrx_word' id='word_1_1' title='bbox 1975 284 1996 303; x_wconf 67' lang='grc' dir='ltr'><em>Ο</em></span> 
     </span>
    </p>
   </div>
   <div class='ocr_carea' id='block_1_2' title="bbox 375 340 405 377">
    <p class='ocr_par' dir='ltr' id='par_1_2' title="bbox 375 340 405 377">
     <span class='ocr_line' id='line_1_2' title="bbox 375 340 405 377; baseline 0 0"><span class='ocrx_word' id='word_1_2' title='bbox 375 340 405 377; x_wconf 79' lang='lat'><em>4</em></span> 
     </span>
    </p>
   </div>
   <div class='ocr_carea' id='block_1_3' title="bbox 312 438 2523 2060">
    <p class='ocr_par' dir='ltr' id='par_1_3' title="bbox 382 438 2478 496">
     <span class='ocr_line' id='line_1_3' title="bbox 382 438 2478 496; baseline -0.002 -12"><span class='ocrx_word' id='word_1_3' title='bbox 382 442 581 484; x_wconf 73' lang='lat' dir='ltr'><strong>velamine</strong></span> <span class='ocrx_word' id='word_1_4' title='bbox 608 442 652 481; x_wconf 90' lang='lat' dir='ltr'><strong>in</strong></span> <span class='ocrx_word' id='word_1_5' title='bbox 678 440 824 482; x_wconf 87' lang='lat' dir='ltr'><strong>scholis</strong></span> <span class='ocrx_word' id='word_1_6' title='bbox 847 443 889 481; x_wconf 90' lang='lat' dir='ltr'><strong>et</strong></span> <span class='ocrx_word' id='word_1_7' title='bbox 907 439 1158 481; x_wconf 86' lang='lat' dir='ltr'><strong>monasteriis</strong></span> <span class='ocrx_word' id='word_1_8' title='bbox 1184 439 1300 492; x_wconf 87' lang='lat' dir='ltr'><strong>quasi</strong></span> <span class='ocrx_word' id='word_1_9' title='bbox 1326 438 1470 480; x_wconf 86' lang='lat' dir='ltr'><strong>furtim</strong></span> <span class='ocrx_word' id='word_1_10' title='bbox 1491 439 1664 493; x_wconf 77' lang='lat' dir='ltr'><strong>vigeret,</strong></span> <span class='ocrx_word' id='word_1_11' title='bbox 1695 440 1821 482; x_wconf 88' lang='lat' dir='ltr'><strong>donec</strong></span> <span class='ocrx_word' id='word_1_12' title='bbox 1845 438 1939 481; x_wconf 87' lang='lat' dir='ltr'><strong>inde</strong></span> <span class='ocrx_word' id='word_1_13' title='bbox 1965 449 1992 479; x_wconf 77' lang='lat' dir='ltr'><strong>a</strong></span> <span class='ocrx_word' id='word_1_14' title='bbox 2027 438 2160 480; x_wconf 88' lang='lat' dir='ltr'><strong>seculo</strong></span> <span class='ocrx_word' id='word_1_15' title='bbox 2188 440 2270 485; x_wconf 84' lang='lat' dir='ltr'><strong>XII</strong></span> <span class='ocrx_word' id='word_1_16' title='bbox 2299 447 2341 486; x_wconf 75' lang='lat' dir='ltr'><strong>et</strong></span> <span class='ocrx_word' id='word_1_17' title='bbox 2360 456 2478 496; x_wconf 66' lang='lat' dir='ltr'><strong>sequ„</strong></span> 
     </span>
    </p>

    <p class='ocr_par' dir='ltr' id='par_1_4' title="bbox 363 495 2478 758">
     <span class='ocr_line' id='line_1_4' title="bbox 363 495 2478 575; baseline 0.001 -26.027"><span class='ocrx_word' id='word_1_18' title='bbox 363 521 509 575; x_wconf 84' lang='lat' dir='ltr'><strong>quum</strong></span> <span class='ocrx_word' id='word_1_19' title='bbox 536 506 644 548; x_wconf 88' lang='lat' dir='ltr'><strong>bella</strong></span> <span class='ocrx_word' id='word_1_20' title='bbox 670 520 744 559; x_wconf 88' lang='lat' dir='ltr'><strong>pro</strong></span> <span class='ocrx_word' id='word_1_21' title='bbox 772 503 920 548; x_wconf 85' lang='lat' dir='ltr'><strong>Christi</strong></span> <span class='ocrx_word' id='word_1_22' title='bbox 944 495 1125 558; x_wconf 80' lang='lat' dir='ltr'><strong>sepulcro</strong></span> <span class='ocrx_word' id='word_1_23' title='bbox 1152 507 1336 556; x_wconf 86' lang='lat' dir='ltr'><strong>suscepta</strong></span> <span class='ocrx_word' id='word_1_24' title='bbox 1374 504 1585 546; x_wconf 90' lang='lat' dir='ltr'><strong>hominum</strong></span> <span class='ocrx_word' id='word_1_25' title='bbox 1623 508 1778 547; x_wconf 85' lang='lat' dir='ltr'><strong>mentes</strong></span> <span class='ocrx_word' id='word_1_26' title='bbox 1804 502 2017 547; x_wconf 81' lang='lat' dir='ltr'><strong>admodum</strong></span> <span class='ocrx_word' id='word_1_27' title='bbox 2049 505 2282 550; x_wconf 72' lang='lat' dir='ltr'><strong>incitassent</strong></span> <span class='ocrx_word' id='word_1_28' title='bbox 2315 512 2358 552; x_wconf 87' lang='lat' dir='ltr'><strong>et</strong></span> <span class='ocrx_word' id='word_1_29' title='bbox 2381 522 2478 552; x_wconf 80' lang='lat' dir='ltr'><strong>aevo</strong></span> 
     </span>
     <span class='ocr_line' id='line_1_5' title="bbox 363 561 2478 626; baseline 0.001 -10.02"><span class='ocrx_word' id='word_1_30' title='bbox 363 561 668 620; x_wconf 84' lang='lat' dir='ltr'><strong>romanticam,</strong></span> <span class='ocrx_word' id='word_1_31' title='bbox 697 585 816 624; x_wconf 87' lang='lat' dir='ltr'><strong>quam</strong></span> <span class='ocrx_word' id='word_1_32' title='bbox 843 569 963 611; x_wconf 89' lang='lat' dir='ltr'><strong>hodie</strong></span> <span class='ocrx_word' id='word_1_33' title='bbox 991 570 1147 619; x_wconf 84' lang='lat' dir='ltr'><strong>dicunt,</strong></span> <span class='ocrx_word' id='word_1_34' title='bbox 1172 569 1347 611; x_wconf 86' lang='lat' dir='ltr'><strong>indolem</strong></span> <span class='ocrx_word' id='word_1_35' title='bbox 1374 570 1689 622; x_wconf 85' lang='lat' dir='ltr'><strong>impressissent,</strong></span> <span class='ocrx_word' id='word_1_36' title='bbox 1718 571 1912 626; x_wconf 77' lang='lat' dir='ltr'>Virgilius</span> <span class='ocrx_word' id='word_1_37' title='bbox 1924 571 2037 625; x_wconf 86' lang='lat' dir='ltr'><strong>quasi</strong></span> <span class='ocrx_word' id='word_1_38' title='bbox 2053 571 2170 614; x_wconf 85' lang='lat' dir='ltr'><strong>heros</strong></span> <span class='ocrx_word' id='word_1_39' title='bbox 2183 585 2345 625; x_wconf 86' lang='lat' dir='ltr'><strong>prorsus</strong></span> <span class='ocrx_word' id='word_1_40' title='bbox 2354 589 2478 618; x_wconf 83' lang='lat' dir='ltr'><strong>novus</strong></span> 
     </span>
     <span class='ocr_line' id='line_1_6' title="bbox 378 629 2474 691; baseline 0.001 -11"><span class='ocrx_word' id='word_1_41' title='bbox 378 643 421 680; x_wconf 83' lang='lat' dir='ltr'><strong>et</strong></span> <span class='ocrx_word' id='word_1_42' title='bbox 448 639 766 680; x_wconf 82' lang='lat' dir='ltr'><strong>necromanticus</strong></span> <span class='ocrx_word' id='word_1_43' title='bbox 788 636 840 677; x_wconf 87' lang='lat' dir='ltr'><strong>ad</strong></span> <span class='ocrx_word' id='word_1_44' title='bbox 866 629 1013 678; x_wconf 90' lang='lat' dir='ltr'><strong>lucem</strong></span> <span class='ocrx_word' id='word_1_45' title='bbox 1022 636 1182 688; x_wconf 89' lang='lat' dir='ltr'><strong>prodiit.</strong></span> <span class='ocrx_word' id='word_1_46' title='bbox 1237 635 1314 676; x_wconf 90' lang='lat' dir='ltr'><strong>Illa</strong></span> <span class='ocrx_word' id='word_1_47' title='bbox 1338 648 1435 676; x_wconf 85' lang='lat' dir='ltr'><strong>vero</strong></span> <span class='ocrx_word' id='word_1_48' title='bbox 1464 635 1766 677; x_wconf 74' lang='lat' dir='ltr'><strong>necromantiae</strong></span> <span class='ocrx_word' id='word_1_49' title='bbox 1792 648 1878 684; x_wconf 83' lang='lat' dir='ltr'><strong>ars,</strong></span> <span class='ocrx_word' id='word_1_50' title='bbox 1903 637 2072 686; x_wconf 87' lang='lat' dir='ltr'><strong>posthac</strong></span> <span class='ocrx_word' id='word_1_51' title='bbox 2090 638 2197 679; x_wconf 89' lang='lat' dir='ltr'><strong>liaud</strong></span> <span class='ocrx_word' id='word_1_52' title='bbox 2211 640 2295 691; x_wconf 84' lang='lat' dir='ltr'><strong>sine</strong></span> <span class='ocrx_word' id='word_1_53' title='bbox 2310 642 2474 685; x_wconf 73' lang='lat' dir='ltr'><strong>consilio</strong></span> 
     </span>
     <span class='ocr_line' id='line_1_7' title="bbox 379 697 2473 758; baseline 0.001 -14"><span class='ocrx_word' id='word_1_54' title='bbox 379 704 672 758; x_wconf 83' lang='lat' dir='ltr'><strong>nigromantica</strong></span> <span class='ocrx_word' id='word_1_55' title='bbox 704 701 927 753; x_wconf 85' lang='lat' dir='ltr'><strong>appellata,</strong></span> <span class='ocrx_word' id='word_1_56' title='bbox 971 701 1052 743; x_wconf 89' lang='lat' dir='ltr'><strong>iam</strong></span> <span class='ocrx_word' id='word_1_57' title='bbox 1088 701 1218 743; x_wconf 86' lang='lat' dir='ltr'><strong>seculo</strong></span> <span class='ocrx_word' id='word_1_58' title='bbox 1256 699 1411 742; x_wconf 86' lang='lat' dir='ltr'><strong>decimo</strong></span> <span class='ocrx_word' id='word_1_59' title='bbox 1457 697 1637 742; x_wconf 87' lang='lat' dir='ltr'><strong>florebat.</strong></span> <span class='ocrx_word' id='word_1_60' title='bbox 1727 699 1847 742; x_wconf 83' lang='lat' dir='ltr'><strong>Cuius</strong></span> <span class='ocrx_word' id='word_1_61' title='bbox 1880 702 2108 757; x_wconf 43' lang='lat' dir='ltr'><strong>mysteria&amp;</strong></span> <span class='ocrx_word' id='word_1_62' title='bbox 2144 703 2238 746; x_wconf 87' lang='lat' dir='ltr'><strong>inde</strong></span> <span class='ocrx_word' id='word_1_63' title='bbox 2273 717 2298 746; x_wconf 85' lang='lat' dir='ltr'><strong>a</strong></span> <span class='ocrx_word' id='word_1_64' title='bbox 2330 704 2473 757; x_wconf 77' lang='lat' dir='ltr'><strong>priscis</strong></span> 
     </span>
    </p>

    <p class='ocr_par' dir='ltr' id='par_1_5' title="bbox 377 765 2471 823">
     <span class='ocr_line' id='line_1_8' title="bbox 377 765 2471 823; baseline -0.001 -10"><span class='ocrx_word' id='word_1_65' title='bbox 377 769 627 823; x_wconf 81' lang='lat' dir='ltr'><strong>temporibus</strong></span> <span class='ocrx_word' id='word_1_66' title='bbox 652 780 775 821; x_wconf 91' lang='lat' dir='ltr'><strong>usque</strong></span> <span class='ocrx_word' id='word_1_67' title='bbox 805 767 857 809; x_wconf 87' lang='lat' dir='ltr'><strong>ad</strong></span> <span class='ocrx_word' id='word_1_68' title='bbox 883 769 1021 809; x_wconf 85' lang='lat' dir='ltr'><strong>nostra</strong></span> <span class='ocrx_word' id='word_1_69' title='bbox 1047 767 1098 809; x_wconf 86' lang='lat' dir='ltr'><strong>ab</strong></span> <span class='ocrx_word' id='word_1_70' title='bbox 1126 765 1355 808; x_wconf 88' lang='lat' dir='ltr'><strong>hominibus</strong></span> <span class='ocrx_word' id='word_1_71' title='bbox 1380 765 1488 807; x_wconf 88' lang='lat' dir='ltr'><strong>culta</strong></span> <span class='ocrx_word' id='word_1_72' title='bbox 1510 778 1584 807; x_wconf 90' lang='lat' dir='ltr'><strong>nec</strong></span> <span class='ocrx_word' id='word_1_73' title='bbox 1611 778 1788 818; x_wconf 84' lang='lat' dir='ltr'><strong>unquam</strong></span> <span class='ocrx_word' id='word_1_74' title='bbox 1813 766 1975 807; x_wconf 90' lang='lat' dir='ltr'><strong>omnino</strong></span> <span class='ocrx_word' id='word_1_75' title='bbox 1988 768 2172 822; x_wconf 83' lang='lat' dir='ltr'><strong>neglecta</strong></span> <span class='ocrx_word' id='word_1_76' title='bbox 2184 768 2361 823; x_wconf 82' lang='lat' dir='ltr'><strong>quamvis</strong></span> <span class='ocrx_word' id='word_1_77' title='bbox 2381 781 2471 810; x_wconf 88' lang='lat' dir='ltr'><strong>oum</strong></span> 
     </span>
    </p>

    <p class='ocr_par' dir='ltr' id='par_1_6' title="bbox 312 824 2494 1017">
     <span class='ocr_line' id='line_1_9' title="bbox 312 824 2494 885; baseline 0 -9"><span class='ocrx_word' id='word_1_78' title='bbox 312 832 324 840; x_wconf 82' lang='lat'><strong><em>&#39;</em></strong></span> <span class='ocrx_word' id='word_1_79' title='bbox 378 838 498 878; x_wconf 89' lang='lat' dir='ltr'><strong>huius</strong></span> <span class='ocrx_word' id='word_1_80' title='bbox 525 834 652 875; x_wconf 80' lang='lat' dir='ltr'><strong>libelli</strong></span> <span class='ocrx_word' id='word_1_81' title='bbox 675 836 912 885; x_wconf 81' lang='lat' dir='ltr'><strong>argumento</strong></span> <span class='ocrx_word' id='word_1_82' title='bbox 939 824 1087 874; x_wconf 87' lang='lat' dir='ltr'><strong>arctius</strong></span> <span class='ocrx_word' id='word_1_83' title='bbox 1113 833 1328 873; x_wconf 87' lang='lat' dir='ltr'><strong>cohaerere</strong></span> <span class='ocrx_word' id='word_1_84' title='bbox 1347 832 1578 880; x_wconf 84' lang='lat' dir='ltr'><strong>videantur,</strong></span> <span class='ocrx_word' id='word_1_85' title='bbox 1608 836 1743 873; x_wconf 87' lang='lat' dir='ltr'><strong>tamen</strong></span> <span class='ocrx_word' id='word_1_86' title='bbox 1763 832 1848 873; x_wconf 90' lang='lat' dir='ltr'><strong>eius</strong></span> <span class='ocrx_word' id='word_1_87' title='bbox 1858 831 2042 873; x_wconf 82' lang='lat' dir='ltr'><strong>ubertate</strong></span> <span class='ocrx_word' id='word_1_88' title='bbox 2061 847 2240 884; x_wconf 90' lang='lat' dir='ltr'><strong>moneor,</strong></span> <span class='ocrx_word' id='word_1_89' title='bbox 2265 838 2312 875; x_wconf 90' lang='lat' dir='ltr'><strong>ut</strong></span> <span class='ocrx_word' id='word_1_90' title='bbox 2328 835 2494 884; x_wconf 76' lang='lat' dir='ltr'><strong>invitus·</strong></span> 
     </span>
     <span class='ocr_line' id='line_1_10' title="bbox 376 896 2474 953; baseline -0.001 -10"><span class='ocrx_word' id='word_1_91' title='bbox 376 903 456 943; x_wconf 88' lang='lat' dir='ltr'><strong>illis</strong></span> <span class='ocrx_word' id='word_1_92' title='bbox 505 912 668 952; x_wconf 89' lang='lat' dir='ltr'><strong>prorsus</strong></span> <span class='ocrx_word' id='word_1_93' title='bbox 712 897 868 938; x_wconf 86' lang='lat' dir='ltr'><strong>omissis</strong></span> <span class='ocrx_word' id='word_1_94' title='bbox 904 898 956 939; x_wconf 86' lang='lat' dir='ltr'><strong>ad</strong></span> <span class='ocrx_word' id='word_1_95' title='bbox 991 898 1097 949; x_wconf 83' lang='lat' dir='ltr'><strong>ipsas</strong></span> <span class='ocrx_word' id='word_1_96' title='bbox 1118 896 1378 950; x_wconf 76' lang='lat' dir='ltr'><strong>vVirgilianae</strong></span> <span class='ocrx_word' id='word_1_97' title='bbox 1414 896 1570 939; x_wconf 85' lang='lat' dir='ltr'><strong>fabulas</strong></span> <span class='ocrx_word' id='word_1_98' title='bbox 1611 897 1854 939; x_wconf 86' lang='lat' dir='ltr'><strong>enarrandas</strong></span> <span class='ocrx_word' id='word_1_99' title='bbox 1893 898 2075 950; x_wconf 89' lang='lat' dir='ltr'><strong>protinus</strong></span> <span class='ocrx_word' id='word_1_100' title='bbox 2106 903 2325 951; x_wconf 76' lang='lat' dir='ltr'><strong>transemu,</strong></span> <span class='ocrx_word' id='word_1_101' title='bbox 2368 898 2474 953; x_wconf 85' lang='lat' dir='ltr'><strong>quod</strong></span> 
     </span>
     <span class='ocr_line' id='line_1_11' title="bbox 378 960 2470 1017; baseline -0.001 -10"><span class='ocrx_word' id='word_1_102' title='bbox 378 979 426 1007; x_wconf 90' lang='lat' dir='ltr'><strong>eo</strong></span> <span class='ocrx_word' id='word_1_103' title='bbox 452 964 582 1017; x_wconf 85' lang='lat' dir='ltr'><strong>magis</strong></span> <span class='ocrx_word' id='word_1_104' title='bbox 610 963 883 1011; x_wconf 83' lang='lat' dir='ltr'><strong>excusabitur,</strong></span> <span class='ocrx_word' id='word_1_105' title='bbox 910 976 1000 1003; x_wconf 89' lang='lat' dir='ltr'><strong>cum</strong></span> <span class='ocrx_word' id='word_1_106' title='bbox 1029 962 1072 1001; x_wconf 93' lang='lat' dir='ltr'><strong>in</strong></span> <span class='ocrx_word' id='word_1_107' title='bbox 1100 960 1182 1001; x_wconf 91' lang='lat' dir='ltr'><strong>illis</strong></span> <span class='ocrx_word' id='word_1_108' title='bbox 1208 961 1309 1012; x_wconf 88' lang='lat' dir='ltr'><strong>ipsis</strong></span> <span class='ocrx_word' id='word_1_109' title='bbox 1326 960 1560 1013; x_wconf 80' lang='lat' dir='ltr'><strong>Virgilianis</strong></span> <span class='ocrx_word' id='word_1_110' title='bbox 1584 960 1732 1002; x_wconf 83' lang='lat' dir='ltr'><strong>fabulis</strong></span> <span class='ocrx_word' id='word_1_111' title='bbox 1759 962 1887 1002; x_wconf 91' lang='lat' dir='ltr'><strong>omnis</strong></span> <span class='ocrx_word' id='word_1_112' title='bbox 1913 962 2067 1016; x_wconf 80' lang='lat' dir='ltr'><strong>magiae</strong></span> <span class='ocrx_word' id='word_1_113' title='bbox 2094 968 2334 1016; x_wconf 67' lang='lat' dir='ltr'><strong>apparatus,</strong></span> <span class='ocrx_word' id='word_1_114' title='bbox 2356 978 2470 1008; x_wconf 80' lang='lat' dir='ltr'><strong>vene—</strong></span> 
     </span>
    </p>

    <p class='ocr_par' dir='ltr' id='par_1_7' title="bbox 370 1025 2475 1470">
     <span class='ocr_line' id='line_1_12' title="bbox 377 1025 2474 1083; baseline 0.001 -14"><span class='ocrx_word' id='word_1_115' title='bbox 377 1031 560 1072; x_wconf 84' lang='lat' dir='ltr'><strong>ficiorum</strong></span> <span class='ocrx_word' id='word_1_116' title='bbox 587 1031 628 1068; x_wconf 91' lang='lat' dir='ltr'><strong>et</strong></span> <span class='ocrx_word' id='word_1_117' title='bbox 654 1028 917 1075; x_wconf 88' lang='lat' dir='ltr'><strong>canticorum,</strong></span> <span class='ocrx_word' id='word_1_118' title='bbox 944 1026 1216 1067; x_wconf 83' lang='lat' dir='ltr'><strong>fascinationis</strong></span> <span class='ocrx_word' id='word_1_119' title='bbox 1241 1028 1283 1066; x_wconf 89' lang='lat' dir='ltr'><strong>et</strong></span> <span class='ocrx_word' id='word_1_120' title='bbox 1310 1025 1592 1075; x_wconf 79' lang='lat' dir='ltr'><strong>amuletorum,</strong></span> <span class='ocrx_word' id='word_1_121' title='bbox 1633 1027 1841 1068; x_wconf 83' lang='lat' dir='ltr'><strong>exorcismi</strong></span> <span class='ocrx_word' id='word_1_122' title='bbox 1866 1027 1929 1069; x_wconf 83' lang='lat' dir='ltr'><strong>vel</strong></span> <span class='ocrx_word' id='word_1_123' title='bbox 1953 1027 2162 1082; x_wconf 78' lang='lat' dir='ltr'><strong>theurgiae</strong></span> <span class='ocrx_word' id='word_1_124' title='bbox 2189 1033 2231 1071; x_wconf 91' lang='lat' dir='ltr'><strong>et</strong></span> <span class='ocrx_word' id='word_1_125' title='bbox 2256 1040 2359 1083; x_wconf 82' lang='lat' dir='ltr'><strong>quae</strong></span> <span class='ocrx_word' id='word_1_126' title='bbox 2383 1034 2474 1072; x_wconf 89' lang='lat' dir='ltr'><strong>sunt</strong></span> 
     </span>
     <span class='ocr_line' id='line_1_13' title="bbox 375 1089 2474 1149; baseline 0.002 -17"><span class='ocrx_word' id='word_1_127' title='bbox 375 1095 458 1136; x_wconf 83' lang='lat' dir='ltr'><strong>alia</strong></span> <span class='ocrx_word' id='word_1_128' title='bbox 483 1093 621 1133; x_wconf 91' lang='lat' dir='ltr'><strong>huius·</strong></span> <span class='ocrx_word' id='word_1_129' title='bbox 639 1090 758 1137; x_wconf 85' lang='lat' dir='ltr'><strong>modi,</strong></span> <span class='ocrx_word' id='word_1_130' title='bbox 775 1091 936 1130; x_wconf 93' lang='lat' dir='ltr'><strong>omnino</strong></span> <span class='ocrx_word' id='word_1_131' title='bbox 958 1089 1233 1131; x_wconf 87' lang='lat' dir='ltr'><strong>desiderentur</strong></span> <span class='ocrx_word' id='word_1_132' title='bbox 1251 1093 1292 1130; x_wconf 84' lang='lat' dir='ltr'><strong>et</strong></span> <span class='ocrx_word' id='word_1_133' title='bbox 1311 1090 1475 1140; x_wconf 87' lang='lat' dir='ltr'><strong>insuper</strong></span> <span class='ocrx_word' id='word_1_134' title='bbox 1498 1091 1581 1130; x_wconf 87' lang='lat' dir='ltr'><strong>iam</strong></span> <span class='ocrx_word' id='word_1_135' title='bbox 1596 1092 1720 1132; x_wconf 90' lang='lat' dir='ltr'><strong>seculi</strong></span> <span class='ocrx_word' id='word_1_136' title='bbox 1742 1091 1840 1132; x_wconf 84' lang='lat' dir='ltr'><strong>XVI</strong></span> <span class='ocrx_word' id='word_1_137' title='bbox 1859 1092 2088 1143; x_wconf 87' lang='lat' dir='ltr'><strong>scriptores,</strong></span> <span class='ocrx_word' id='word_1_138' title='bbox 2116 1093 2186 1145; x_wconf 86' lang='lat' dir='ltr'><strong>qui</strong></span> <span class='ocrx_word' id='word_1_139' title='bbox 2212 1108 2277 1136; x_wconf 87' lang='lat' dir='ltr'><strong>res</strong></span> <span class='ocrx_word' id='word_1_140' title='bbox 2301 1096 2474 1149; x_wconf 84' lang='lat' dir='ltr'><strong>magicas</strong></span> 
     </span>
     <span class='ocr_line' id='line_1_14' title="bbox 374 1148 2474 1212; baseline 0.003 -15"><span class='ocrx_word' id='word_1_141' title='bbox 374 1159 428 1200; x_wconf 81' lang='lat' dir='ltr'><strong>ad</strong></span> <span class='ocrx_word' id='word_1_142' title='bbox 455 1162 606 1198; x_wconf 85' lang='lat' dir='ltr'><strong>certam</strong></span> <span class='ocrx_word' id='word_1_143' title='bbox 631 1148 884 1206; x_wconf 83' lang='lat' dir='ltr'><strong>disciplinam</strong></span> <span class='ocrx_word' id='word_1_144' title='bbox 910 1158 1159 1203; x_wconf 86' lang='lat' dir='ltr'><strong>revocarunt,</strong></span> <span class='ocrx_word' id='word_1_145' title='bbox 1190 1158 1235 1195; x_wconf 89' lang='lat' dir='ltr'><strong>ut</strong></span> <span class='ocrx_word' id='word_1_146' title='bbox 1254 1154 1434 1208; x_wconf 80' lang='lat' dir='ltr'><strong>Agrippa.</strong></span> <span class='ocrx_word' id='word_1_147' title='bbox 1453 1155 1504 1196; x_wconf 86' lang='lat' dir='ltr'><strong>ab</strong></span> <span class='ocrx_word' id='word_1_148' title='bbox 1525 1154 1773 1197; x_wconf 84' lang='lat' dir='ltr'><strong>Nettesheim</strong></span> <span class='ocrx_word' id='word_1_149' title='bbox 1798 1156 1842 1196; x_wconf 91' lang='lat' dir='ltr'><strong>in</strong></span> <span class='ocrx_word' id='word_1_150' title='bbox 1863 1156 1968 1199; x_wconf 89' lang='lat' dir='ltr'><strong>libro</strong></span> <span class='ocrx_word' id='word_1_151' title='bbox 1982 1157 2032 1200; x_wconf 90' lang='lat' dir='ltr'><strong>de</strong></span> <span class='ocrx_word' id='word_1_152' title='bbox 2049 1159 2203 1201; x_wconf 85' lang='lat' dir='ltr'><strong>occulta</strong></span> <span class='ocrx_word' id='word_1_153' title='bbox 2221 1160 2474 1212; x_wconf 85' lang='lat' dir='ltr'><strong>philosophia</strong></span> 
     </span>
     <span class='ocr_line' id='line_1_15' title="bbox 376 1219 2475 1275; baseline 0 -8"><span class='ocrx_word' id='word_1_154' title='bbox 376 1229 418 1267; x_wconf 91' lang='lat' dir='ltr'><strong>et</strong></span> <span class='ocrx_word' id='word_1_155' title='bbox 442 1224 533 1272; x_wconf 87' lang='lat' dir='ltr'><strong>alii,</strong></span> <span class='ocrx_word' id='word_1_156' title='bbox 560 1220 741 1264; x_wconf 90' lang='lat' dir='ltr'><strong>Aeneida</strong></span> <span class='ocrx_word' id='word_1_157' title='bbox 767 1220 997 1274; x_wconf 87' lang='lat' dir='ltr'><strong>saepissime</strong></span> <span class='ocrx_word' id='word_1_158' title='bbox 1026 1220 1219 1269; x_wconf 79' lang='lat' dir='ltr'><strong>citantes,</strong></span> <span class='ocrx_word' id='word_1_159' title='bbox 1256 1220 1306 1262; x_wconf 89' lang='lat' dir='ltr'><strong>de</strong></span> <span class='ocrx_word' id='word_1_160' title='bbox 1335 1219 1508 1273; x_wconf 89' lang='lat' dir='ltr'><strong>Virgilio</strong></span> <span class='ocrx_word' id='word_1_161' title='bbox 1546 1234 1662 1275; x_wconf 84' lang='lat' dir='ltr'><strong>mago</strong></span> <span class='ocrx_word' id='word_1_162' title='bbox 1702 1234 1863 1274; x_wconf 90' lang='lat' dir='ltr'><strong>prorsus</strong></span> <span class='ocrx_word' id='word_1_163' title='bbox 1897 1222 1999 1264; x_wconf 88' lang='lat' dir='ltr'><strong>nihil</strong></span> <span class='ocrx_word' id='word_1_164' title='bbox 2024 1222 2283 1273; x_wconf 86' lang='lat' dir='ltr'><strong>tradiderint.</strong></span> <span class='ocrx_word' id='word_1_165' title='bbox 2345 1225 2475 1268; x_wconf 76' lang='lat' dir='ltr'><strong>Antea</strong></span> 
     </span>
     <span class='ocr_line' id='line_1_16' title="bbox 377 1285 2469 1342; baseline 0.001 -13"><span class='ocrx_word' id='word_1_166' title='bbox 377 1302 471 1331; x_wconf 80' lang='lat' dir='ltr'><strong>vero</strong></span> <span class='ocrx_word' id='word_1_167' title='bbox 509 1301 609 1339; x_wconf 89' lang='lat' dir='ltr'><strong>opus</strong></span> <span class='ocrx_word' id='word_1_168' title='bbox 638 1290 718 1334; x_wconf 87' lang='lat' dir='ltr'><strong>est,</strong></span> <span class='ocrx_word' id='word_1_169' title='bbox 755 1290 801 1326; x_wconf 90' lang='lat' dir='ltr'><strong>ut</strong></span> <span class='ocrx_word' id='word_1_170' title='bbox 839 1287 1054 1338; x_wconf 88' lang='lat' dir='ltr'><strong>scriptores</strong></span> <span class='ocrx_word' id='word_1_171' title='bbox 1090 1287 1261 1327; x_wconf 81' lang='lat' dir='ltr'><strong>maxime</strong></span> <span class='ocrx_word' id='word_1_172' title='bbox 1299 1286 1422 1326; x_wconf 88' lang='lat' dir='ltr'><strong>seculi</strong></span> <span class='ocrx_word' id='word_1_173' title='bbox 1450 1285 1530 1326; x_wconf 91' lang='lat' dir='ltr'><strong>XII</strong></span> <span class='ocrx_word' id='word_1_174' title='bbox 1565 1291 1607 1327; x_wconf 90' lang='lat' dir='ltr'><strong>et</strong></span> <span class='ocrx_word' id='word_1_175' title='bbox 1633 1286 1753 1335; x_wconf 87' lang='lat' dir='ltr'>XIII,</span> <span class='ocrx_word' id='word_1_176' title='bbox 1790 1301 1812 1328; x_wconf 92' lang='lat' dir='ltr'><strong>e</strong></span> <span class='ocrx_word' id='word_1_177' title='bbox 1843 1287 1987 1339; x_wconf 91' lang='lat' dir='ltr'><strong>quibus</strong></span> <span class='ocrx_word' id='word_1_178' title='bbox 2016 1293 2062 1330; x_wconf 92' lang='lat' dir='ltr'><strong>ut</strong></span> <span class='ocrx_word' id='word_1_179' title='bbox 2096 1304 2118 1332; x_wconf 90' lang='lat' dir='ltr'><strong>e</strong></span> <span class='ocrx_word' id='word_1_180' title='bbox 2153 1290 2328 1333; x_wconf 86' lang='lat' dir='ltr'><strong>fontibus</strong></span> <span class='ocrx_word' id='word_1_181' title='bbox 2359 1290 2469 1342; x_wconf 87' lang='lat' dir='ltr'><strong>prin·</strong></span> 
     </span>
     <span class='ocr_line' id='line_1_17' title="bbox 372 1350 2473 1406; baseline 0.001 -12"><span class='ocrx_word' id='word_1_182' title='bbox 372 1353 572 1406; x_wconf 86' lang='lat' dir='ltr'><strong>cipalibus</strong></span> <span class='ocrx_word' id='word_1_183' title='bbox 599 1352 718 1393; x_wconf 88' lang='lat' dir='ltr'><strong>huius</strong></span> <span class='ocrx_word' id='word_1_184' title='bbox 756 1352 1049 1403; x_wconf 85' lang='lat' dir='ltr'><strong>superstitionis</strong></span> <span class='ocrx_word' id='word_1_185' title='bbox 1083 1351 1228 1393; x_wconf 90' lang='lat' dir='ltr'><strong>notitia</strong></span> <span class='ocrx_word' id='word_1_186' title='bbox 1257 1350 1434 1399; x_wconf 85' lang='lat' dir='ltr'><strong>fluxerit,</strong></span> <span class='ocrx_word' id='word_1_187' title='bbox 1474 1353 1612 1402; x_wconf 86' lang='lat' dir='ltr'><strong>paucis</strong></span> <span class='ocrx_word' id='word_1_188' title='bbox 1642 1365 1871 1394; x_wconf 82' lang='lat' dir='ltr'><strong>recenseam</strong></span> <span class='ocrx_word' id='word_1_189' title='bbox 1900 1352 2083 1406; x_wconf 89' lang='lat' dir='ltr'><strong>locosque</strong></span> <span class='ocrx_word' id='word_1_190' title='bbox 2119 1354 2196 1395; x_wconf 89' lang='lat' dir='ltr'><strong>huc</strong></span> <span class='ocrx_word' id='word_1_191' title='bbox 2225 1355 2473 1406; x_wconf 84' lang='lat' dir='ltr'><strong>pertinentes</strong></span> 
     </span>
     <span class='ocr_line' id='line_1_18' title="bbox 370 1430 604 1470; baseline -0.009 -11"><span class='ocrx_word' id='word_1_192' title='bbox 370 1430 604 1470; x_wconf 87' lang='lat' dir='ltr'><strong>proponam.</strong></span> 
     </span>
    </p>

    <p class='ocr_par' dir='ltr' id='par_1_8' title="bbox 369 1479 2468 1732">
     <span class='ocr_line' id='line_1_19' title="bbox 479 1479 2468 1536; baseline 0.002 -13"><span class='ocrx_word' id='word_1_193' title='bbox 479 1483 608 1532; x_wconf 91' lang='lat' dir='ltr'><strong>Quum</strong></span> <span class='ocrx_word' id='word_1_194' title='bbox 645 1496 739 1524; x_wconf 86' lang='lat' dir='ltr'><strong>vero</strong></span> <span class='ocrx_word' id='word_1_195' title='bbox 777 1486 871 1523; x_wconf 87' lang='lat' dir='ltr'><strong>ante</strong></span> <span class='ocrx_word' id='word_1_196' title='bbox 904 1483 1021 1525; x_wconf 89' lang='lat' dir='ltr'><strong>secul.</strong></span> <span class='ocrx_word' id='word_1_197' title='bbox 1048 1482 1128 1523; x_wconf 88' lang='lat' dir='ltr'><strong>XII</strong></span> <span class='ocrx_word' id='word_1_198' title='bbox 1163 1482 1213 1523; x_wconf 88' lang='lat' dir='ltr'><strong>de</strong></span> <span class='ocrx_word' id='word_1_199' title='bbox 1240 1481 1311 1522; x_wconf 87' lang='lat' dir='ltr'><strong>illa</strong></span> <span class='ocrx_word' id='word_1_200' title='bbox 1347 1479 1450 1520; x_wconf 85' lang='lat' dir='ltr'><strong>mira</strong></span> <span class='ocrx_word' id='word_1_201' title='bbox 1476 1479 1639 1533; x_wconf 86' lang='lat' dir='ltr'><strong>Virgilii</strong></span> <span class='ocrx_word' id='word_1_202' title='bbox 1682 1481 1834 1530; x_wconf 90' lang='lat' dir='ltr'><strong>indole,</strong></span> <span class='ocrx_word' id='word_1_203' title='bbox 1869 1484 2030 1533; x_wconf 89' lang='lat' dir='ltr'><strong>praeter</strong></span> <span class='ocrx_word' id='word_1_204' title='bbox 2066 1495 2124 1532; x_wconf 88' lang='lat' dir='ltr'><strong>ea,</strong></span> <span class='ocrx_word' id='word_1_205' title='bbox 2157 1497 2258 1535; x_wconf 86' lang='lat' dir='ltr'><strong>quae</strong></span> <span class='ocrx_word' id='word_1_206' title='bbox 2293 1497 2413 1536; x_wconf 86' lang='lat' dir='ltr'><strong>supra</strong></span> <span class='ocrx_word' id='word_1_207' title='bbox 2445 1498 2468 1526; x_wconf 90' lang='lat' dir='ltr'><strong>e</strong></span> 
     </span>
     <span class='ocr_line' id='line_1_20' title="bbox 369 1545 2468 1602; baseline 0 -12"><span class='ocrx_word' id='word_1_208' title='bbox 369 1551 529 1591; x_wconf 80' lang='lat' dir='ltr'><strong>Donato</strong></span> <span class='ocrx_word' id='word_1_209' title='bbox 554 1550 757 1600; x_wconf 85' lang='lat' dir='ltr'><strong>excerpsi,</strong></span> <span class='ocrx_word' id='word_1_210' title='bbox 795 1553 928 1590; x_wconf 77' lang='lat' dir='ltr'><strong>certae</strong></span> <span class='ocrx_word' id='word_1_211' title='bbox 960 1563 1008 1590; x_wconf 87' lang='lat' dir='ltr'><strong>ac</strong></span> <span class='ocrx_word' id='word_1_212' title='bbox 1033 1550 1221 1591; x_wconf 83' lang='lat' dir='ltr'><strong>definitae</strong></span> <span class='ocrx_word' id='word_1_213' title='bbox 1247 1547 1420 1589; x_wconf 88' lang='lat' dir='ltr'><strong>notionis</strong></span> <span class='ocrx_word' id='word_1_214' title='bbox 1448 1545 1660 1598; x_wconf 82' lang='lat' dir='ltr'><strong>vestigium</strong></span> <span class='ocrx_word' id='word_1_215' title='bbox 1689 1559 1884 1599; x_wconf 88' lang='lat' dir='ltr'><strong>nusquam</strong></span> <span class='ocrx_word' id='word_1_216' title='bbox 1917 1546 2043 1587; x_wconf 91' lang='lat' dir='ltr'><strong>ullum</strong></span> <span class='ocrx_word' id='word_1_217' title='bbox 2067 1548 2307 1602; x_wconf 84' lang='lat' dir='ltr'><strong>reperiatur,</strong></span> <span class='ocrx_word' id='word_1_218' title='bbox 2336 1549 2468 1591; x_wconf 90' lang='lat' dir='ltr'><strong>subito</strong></span> 
     </span>
     <span class='ocr_line' id='line_1_21' title="bbox 369 1613 2467 1669; baseline 0.001 -14"><span class='ocrx_word' id='word_1_219' title='bbox 369 1614 479 1667; x_wconf 88' lang='lat' dir='ltr'><strong>apud</strong></span> <span class='ocrx_word' id='word_1_220' title='bbox 505 1614 658 1667; x_wconf 88' lang='lat' dir='ltr'><strong>aliquot</strong></span> <span class='ocrx_word' id='word_1_221' title='bbox 684 1615 896 1666; x_wconf 88' lang='lat' dir='ltr'><strong>scriptores</strong></span> <span class='ocrx_word' id='word_1_222' title='bbox 918 1614 1018 1656; x_wconf 90' lang='lat' dir='ltr'><strong>haec</strong></span> <span class='ocrx_word' id='word_1_223' title='bbox 1053 1628 1118 1656; x_wconf 92' lang='lat' dir='ltr'><strong>res</strong></span> <span class='ocrx_word' id='word_1_224' title='bbox 1152 1618 1357 1667; x_wconf 86' lang='lat' dir='ltr'><strong>tamquam</strong></span> <span class='ocrx_word' id='word_1_225' title='bbox 1385 1615 1492 1655; x_wconf 79' lang='lat' dir='ltr'><strong>inter</strong></span> <span class='ocrx_word' id='word_1_226' title='bbox 1518 1613 1655 1661; x_wconf 87' lang='lat' dir='ltr'><strong>Italos,</strong></span> <span class='ocrx_word' id='word_1_227' title='bbox 1683 1616 1790 1656; x_wconf 89' lang='lat' dir='ltr'><strong>certe</strong></span> <span class='ocrx_word' id='word_1_228' title='bbox 1809 1613 2109 1666; x_wconf 85' lang='lat' dir='ltr'><strong>Neapolitanos,</strong></span> <span class='ocrx_word' id='word_1_229' title='bbox 2137 1616 2368 1669; x_wconf 84' lang='lat' dir='ltr'><strong>pervulgata</strong></span> <span class='ocrx_word' id='word_1_230' title='bbox 2393 1629 2467 1658; x_wconf 89' lang='lat' dir='ltr'><strong>nec</strong></span> 
     </span>
     <span class='ocr_line' id='line_1_22' title="bbox 371 1679 2053 1732; baseline 0 -13"><span class='ocrx_word' id='word_1_231' title='bbox 371 1679 646 1720; x_wconf 83' lang='lat' dir='ltr'><strong>addubitanda</strong></span> <span class='ocrx_word' id='word_1_232' title='bbox 672 1683 1014 1719; x_wconf 87' lang='lat' dir='ltr'><strong>commemoratur.</strong></span> <span class='ocrx_word' id='word_1_233' title='bbox 2048 1726 2053 1732; x_wconf 34' lang='grc' dir='ltr'>Ι</span> 
     </span>
    </p>

    <p class='ocr_par' dir='ltr' id='par_1_9' title="bbox 368 1743 2523 2060">
     <span class='ocr_line' id='line_1_23' title="bbox 480 1743 2463 1796; baseline 0.001 -13"><span class='ocrx_word' id='word_1_234' title='bbox 480 1744 648 1783; x_wconf 89' lang='lat' dir='ltr'><strong>Illorum</strong></span> <span class='ocrx_word' id='word_1_235' title='bbox 683 1744 907 1785; x_wconf 83' lang='lat' dir='ltr'><strong>fabularum</strong></span> <span class='ocrx_word' id='word_1_236' title='bbox 940 1745 1053 1795; x_wconf 86' lang='lat' dir='ltr'><strong>quasi</strong></span> <span class='ocrx_word' id='word_1_237' title='bbox 1086 1744 1280 1796; x_wconf 87' lang='lat' dir='ltr'><strong>choragus</strong></span> <span class='ocrx_word' id='word_1_238' title='bbox 1316 1748 1377 1784; x_wconf 88' lang='lat' dir='ltr'><strong>est</strong></span> <span class='ocrx_word' id='word_1_239' title='bbox 1411 1746 1601 1784; x_wconf 76' lang='lat' dir='ltr'><strong>Conradus</strong></span> <span class='ocrx_word' id='word_1_240' title='bbox 1628 1746 1672 1783; x_wconf 82' lang='lat' dir='ltr'><strong>de</strong></span> <span class='ocrx_word' id='word_1_241' title='bbox 1698 1743 1900 1793; x_wconf 81' lang='lat' dir='ltr'><strong>Querfurt‚</strong></span> <span class='ocrx_word' id='word_1_242' title='bbox 1937 1743 2025 1795; x_wconf 89' lang='lat' dir='ltr'><strong>qui,</strong></span> <span class='ocrx_word' id='word_1_243' title='bbox 2053 1744 2258 1795; x_wconf 87' lang='lat' dir='ltr'><strong>episcopus</strong></span> <span class='ocrx_word' id='word_1_244' title='bbox 2282 1743 2463 1786; x_wconf 90' lang='lat' dir='ltr'><strong>Hildese-</strong></span> 
     </span>
     <span class='ocr_line' id='line_1_24' title="bbox 372 1806 2463 1864; baseline -0.001 -11"><span class='ocrx_word' id='word_1_245' title='bbox 372 1812 523 1853; x_wconf 90' lang='lat' dir='ltr'><strong>mensis</strong></span> <span class='ocrx_word' id='word_1_246' title='bbox 550 1811 796 1864; x_wconf 87' lang='lat' dir='ltr'><strong>designatus,</strong></span> <span class='ocrx_word' id='word_1_247' title='bbox 824 1824 927 1852; x_wconf 87' lang='lat' dir='ltr'><strong>anno</strong></span> <span class='ocrx_word' id='word_1_248' title='bbox 960 1815 1060 1853; x_wconf 83' lang='lat'>1194</span> <span class='ocrx_word' id='word_1_249' title='bbox 1098 1824 1261 1852; x_wconf 90' lang='lat' dir='ltr'><strong>munere</strong></span> <span class='ocrx_word' id='word_1_250' title='bbox 1297 1810 1504 1862; x_wconf 79' lang='lat' dir='ltr'><strong>officioque</strong></span> <span class='ocrx_word' id='word_1_251' title='bbox 1540 1807 1766 1849; x_wconf 86' lang='lat' dir='ltr'><strong>cancellarii</strong></span> <span class='ocrx_word' id='word_1_252' title='bbox 1791 1806 1983 1848; x_wconf 87' lang='lat' dir='ltr'><strong>mandata</strong></span> <span class='ocrx_word' id='word_1_253' title='bbox 2005 1807 2156 1848; x_wconf 90' lang='lat' dir='ltr'><strong>domini</strong></span> <span class='ocrx_word' id='word_1_254' title='bbox 2182 1808 2260 1857; x_wconf 90' lang='lat' dir='ltr'><strong>sui,</strong></span> <span class='ocrx_word' id='word_1_255' title='bbox 2295 1808 2463 1860; x_wconf 86' lang='lat' dir='ltr'><strong>impera—</strong></span> 
     </span>
     <span class='ocr_line' id='line_1_25' title="bbox 368 1872 2463 1929; baseline -0.001 -11"><span class='ocrx_word' id='word_1_256' title='bbox 368 1878 471 1918; x_wconf 81' lang='lat' dir='ltr'><strong>toris</strong></span> <span class='ocrx_word' id='word_1_257' title='bbox 497 1877 664 1917; x_wconf 91' lang='lat' dir='ltr'><strong>Henrici</strong></span> <span class='ocrx_word' id='word_1_258' title='bbox 694 1876 773 1925; x_wconf 86' lang='lat' dir='ltr'><strong>VI,</strong></span> <span class='ocrx_word' id='word_1_259' title='bbox 800 1877 843 1916; x_wconf 92' lang='lat' dir='ltr'><strong>in</strong></span> <span class='ocrx_word' id='word_1_260' title='bbox 870 1876 1027 1917; x_wconf 86' lang='lat' dir='ltr'><strong>civitate</strong></span> <span class='ocrx_word' id='word_1_261' title='bbox 1055 1876 1319 1927; x_wconf 86' lang='lat' dir='ltr'><strong>Neapolitana</strong></span> <span class='ocrx_word' id='word_1_262' title='bbox 1346 1880 1388 1917; x_wconf 89' lang='lat' dir='ltr'><strong>et</strong></span> <span class='ocrx_word' id='word_1_263' title='bbox 1415 1875 1551 1916; x_wconf 85' lang='lat' dir='ltr'><strong>Sicilia</strong></span> <span class='ocrx_word' id='word_1_264' title='bbox 1583 1875 1669 1914; x_wconf 89' lang='lat' dir='ltr'><strong>eius</strong></span> <span class='ocrx_word' id='word_1_265' title='bbox 1696 1873 1781 1929; x_wconf 83' lang='lat' dir='ltr'><strong>vice</strong></span> <span class='ocrx_word' id='word_1_266' title='bbox 1813 1872 1981 1926; x_wconf 82' lang='lat' dir='ltr'><strong>fungens</strong></span> <span class='ocrx_word' id='word_1_267' title='bbox 2015 1874 2247 1925; x_wconf 81' lang='lat' dir='ltr'><strong>perfecerat.</strong></span> <span class='ocrx_word' id='word_1_268' title='bbox 2300 1875 2349 1916; x_wconf 92' lang='lat' dir='ltr'><strong>In</strong></span> <span class='ocrx_word' id='word_1_269' title='bbox 2381 1876 2463 1927; x_wconf 84' lang='lat' dir='ltr'><strong>epi-</strong></span> 
     </span>
     <span class='ocr_line' id='line_1_26' title="bbox 369 1937 2464 1996; baseline 0 -13"><span class='ocrx_word' id='word_1_270' title='bbox 369 1942 545 1996; x_wconf 81' lang='lat' dir='ltr'><strong>stola**),</strong></span> <span class='ocrx_word' id='word_1_271' title='bbox 572 1954 675 1994; x_wconf 88' lang='lat' dir='ltr'><strong>quae</strong></span> <span class='ocrx_word' id='word_1_272' title='bbox 703 1942 806 1982; x_wconf 86' lang='lat' dir='ltr'><strong>mira</strong></span> <span class='ocrx_word' id='word_1_273' title='bbox 833 1941 1086 1992; x_wconf 84' lang='lat' dir='ltr'><strong>simplicitate</strong></span> <span class='ocrx_word' id='word_1_274' title='bbox 1112 1955 1158 1982; x_wconf 85' lang='lat' dir='ltr'><strong>ac</strong></span> <span class='ocrx_word' id='word_1_275' title='bbox 1186 1941 1321 1992; x_wconf 90' lang='lat' dir='ltr'><strong>lepore</strong></span> <span class='ocrx_word' id='word_1_276' title='bbox 1347 1941 1546 1993; x_wconf 82' lang='lat' dir='ltr'><strong>hodieque</strong></span> <span class='ocrx_word' id='word_1_277' title='bbox 1565 1938 1756 1980; x_wconf 87' lang='lat' dir='ltr'><strong>lectorem</strong></span> <span class='ocrx_word' id='word_1_278' title='bbox 1780 1937 1973 1987; x_wconf 85' lang='lat' dir='ltr'><strong>delectat,</strong></span> <span class='ocrx_word' id='word_1_279' title='bbox 1997 1938 2125 1980; x_wconf 75' lang='lat' dir='ltr'><strong>amico</strong></span> <span class='ocrx_word' id='word_1_280' title='bbox 2145 1952 2215 1981; x_wconf 90' lang='lat' dir='ltr'><strong>suo</strong></span> <span class='ocrx_word' id='word_1_281' title='bbox 2247 1939 2464 1991; x_wconf 90' lang='lat' dir='ltr'><strong>Herbordo‚</strong></span> 
     </span>
     <span class='ocr_line' id='line_1_27' title="bbox 370 2002 2523 2060; baseline -0 -12"><span class='ocrx_word' id='word_1_282' title='bbox 370 2005 686 2048; x_wconf 80' lang='lat' dir='ltr'><strong>Hildesomensis</strong></span> <span class='ocrx_word' id='word_1_283' title='bbox 707 2004 897 2046; x_wconf 85' lang='lat' dir='ltr'><strong>ecclesiae</strong></span> <span class='ocrx_word' id='word_1_284' title='bbox 924 2005 1153 2056; x_wconf 85' lang='lat' dir='ltr'><strong>praeposito</strong></span> <span class='ocrx_word' id='word_1_285' title='bbox 1180 2019 1227 2046; x_wconf 87' lang='lat' dir='ltr'><strong>ac</strong></span> <span class='ocrx_word' id='word_1_286' title='bbox 1254 2007 1398 2048; x_wconf 85' lang='lat' dir='ltr'><strong>ceten&#39;s</strong></span> <span class='ocrx_word' id='word_1_287' title='bbox 1432 2003 1758 2047; x_wconf 84' lang='lat' dir='ltr'><strong>conventualibus</strong></span> <span class='ocrx_word' id='word_1_288' title='bbox 1774 2002 1859 2044; x_wconf 85' lang='lat' dir='ltr'><strong>fata</strong></span> <span class='ocrx_word' id='word_1_289' title='bbox 1884 2016 1954 2044; x_wconf 85' lang='lat' dir='ltr'><strong>sua</strong></span> <span class='ocrx_word' id='word_1_290' title='bbox 1990 2003 2034 2043; x_wconf 90' lang='lat' dir='ltr'><strong>in</strong></span> <span class='ocrx_word' id='word_1_291' title='bbox 2064 2003 2184 2058; x_wconf 88' lang='lat' dir='ltr'><strong>longo</strong></span> <span class='ocrx_word' id='word_1_292' title='bbox 2221 2006 2463 2060; x_wconf 89' lang='lat' dir='ltr'><strong>molestoque</strong></span> <span class='ocrx_word' id='word_1_293' title='bbox 2517 2041 2523 2047; x_wconf 88' lang='lat'><strong>.</strong></span> 
     </span>
    </p>
   </div>
   <div class='ocr_carea' id='block_1_4' title="bbox 370 2068 2541 2122">
    <p class='ocr_par' dir='ltr' id='par_1_10' title="bbox 370 2068 2541 2122">
     <span class='ocr_line' id='line_1_28' title="bbox 370 2068 2541 2122; baseline 0 -11"><span class='ocrx_word' id='word_1_294' title='bbox 370 2071 533 2121; x_wconf 87' lang='lat' dir='ltr'><strong>Alpium</strong></span> <span class='ocrx_word' id='word_1_295' title='bbox 561 2074 814 2122; x_wconf 87' lang='lat' dir='ltr'><strong>transgressu</strong></span> <span class='ocrx_word' id='word_1_296' title='bbox 840 2074 1071 2120; x_wconf 86' lang='lat' dir='ltr'><strong>perpetrata</strong></span> <span class='ocrx_word' id='word_1_297' title='bbox 1097 2075 1268 2119; x_wconf 80' lang='lat' dir='ltr'><strong>enarrat,</strong></span> <span class='ocrx_word' id='word_1_298' title='bbox 1295 2072 1482 2121; x_wconf 89' lang='lat' dir='ltr'><strong>princeps</strong></span> <span class='ocrx_word' id='word_1_299' title='bbox 1497 2069 1617 2120; x_wconf 85' lang='lat' dir='ltr'><strong>‘longi</strong></span> <span class='ocrx_word' id='word_1_300' title='bbox 1644 2068 1750 2108; x_wconf 85' lang='lat' dir='ltr'><strong>illius</strong></span> <span class='ocrx_word' id='word_1_301' title='bbox 1775 2068 1945 2121; x_wconf 80' lang='lat' dir='ltr'><strong>agminis</strong></span> <span class='ocrx_word' id='word_1_302' title='bbox 1971 2072 2197 2117; x_wconf 87' lang='lat' dir='ltr'><strong>auctorum,</strong></span> <span class='ocrx_word' id='word_1_303' title='bbox 2222 2071 2291 2122; x_wconf 90' lang='lat' dir='ltr'><strong>qui</strong></span> <span class='ocrx_word' id='word_1_304' title='bbox 2317 2071 2464 2112; x_wconf 83' lang='lat' dir='ltr'><strong>itinera</strong></span> <span class='ocrx_word' id='word_1_305' title='bbox 2538 2084 2541 2088; x_wconf 87' lang='grc'>’</span> 
     </span>
    </p>
   </div>
   <div class='ocr_carea' id='block_1_5' title="bbox 364 2130 2463 2251">
    <p class='ocr_par' dir='ltr' id='par_1_11' title="bbox 364 2130 2463 2251">
     <span class='ocr_line' id='line_1_29' title="bbox 369 2130 2458 2186; baseline -0.001 -9"><span class='ocrx_word' id='word_1_306' title='bbox 369 2149 444 2177; x_wconf 86' lang='lat' dir='ltr'><strong>sua</strong></span> <span class='ocrx_word' id='word_1_307' title='bbox 470 2136 512 2176; x_wconf 92' lang='lat' dir='ltr'><strong>in</strong></span> <span class='ocrx_word' id='word_1_308' title='bbox 540 2134 703 2176; x_wconf 86' lang='lat' dir='ltr'><strong>Italiam</strong></span> <span class='ocrx_word' id='word_1_309' title='bbox 732 2134 839 2176; x_wconf 87' lang='lat' dir='ltr'><strong>facta.</strong></span> <span class='ocrx_word' id='word_1_310' title='bbox 865 2133 1145 2175; x_wconf 77' lang='lat' dir='ltr'><strong>describerent</strong></span> <span class='ocrx_word' id='word_1_311' title='bbox 1204 2131 1330 2172; x_wconf 88' lang='lat' dir='ltr'><strong>Simul</strong></span> <span class='ocrx_word' id='word_1_312' title='bbox 1357 2132 1426 2184; x_wconf 92' lang='lat' dir='ltr'><strong>pia</strong></span> <span class='ocrx_word' id='word_1_313' title='bbox 1452 2131 1652 2172; x_wconf 86' lang='lat' dir='ltr'><strong>Romanae</strong></span> <span class='ocrx_word' id='word_1_314' title='bbox 1681 2130 1931 2183; x_wconf 80' lang='lat' dir='ltr'><strong>antiquitatis</strong></span> <span class='ocrx_word' id='word_1_315' title='bbox 1956 2132 2179 2173; x_wconf 86' lang='lat' dir='ltr'><strong>reverentia</strong></span> <span class='ocrx_word' id='word_1_316' title='bbox 2215 2136 2334 2186; x_wconf 77' lang='lat' dir='ltr'><strong>atque</strong></span> <span class='ocrx_word' id='word_1_317' title='bbox 2375 2147 2458 2186; x_wconf 65' lang='lat' dir='ltr'><strong>cre-</strong></span> 
     </span>
     <span class='ocr_line' id='line_1_30' title="bbox 364 2195 2463 2251; baseline 0.001 -11"><span class='ocrx_word' id='word_1_318' title='bbox 364 2200 460 2240; x_wconf 85' lang='lat' dir='ltr'><strong>dulo</strong></span> <span class='ocrx_word' id='word_1_319' title='bbox 486 2203 527 2240; x_wconf 87' lang='lat' dir='ltr'><strong>et</strong></span> <span class='ocrx_word' id='word_1_320' title='bbox 555 2200 834 2250; x_wconf 86' lang='lat' dir='ltr'><strong>superstitioso</strong></span> <span class='ocrx_word' id='word_1_321' title='bbox 870 2198 1042 2251; x_wconf 85' lang='lat' dir='ltr'><strong>quodam</strong></span> <span class='ocrx_word' id='word_1_322' title='bbox 1077 2197 1218 2239; x_wconf 88' lang='lat' dir='ltr'><strong>ardore</strong></span> <span class='ocrx_word' id='word_1_323' title='bbox 1246 2210 1341 2238; x_wconf 87' lang='lat' dir='ltr'><strong>vera</strong></span> <span class='ocrx_word' id='word_1_324' title='bbox 1369 2209 1417 2238; x_wconf 85' lang='lat' dir='ltr'><strong>ac</strong></span> <span class='ocrx_word' id='word_1_325' title='bbox 1444 2195 1546 2237; x_wconf 83' lang='lat' dir='ltr'><strong>falsa</strong></span> <span class='ocrx_word' id='word_1_326' title='bbox 1570 2195 1613 2234; x_wconf 93' lang='lat' dir='ltr'><strong>in</strong></span> <span class='ocrx_word' id='word_1_327' title='bbox 1638 2195 1714 2236; x_wconf 88' lang='lat' dir='ltr'><strong>hac</strong></span> <span class='ocrx_word' id='word_1_328' title='bbox 1742 2195 1897 2235; x_wconf 85' lang='lat' dir='ltr'><strong>classici</strong></span> <span class='ocrx_word' id='word_1_329' title='bbox 1921 2196 2034 2247; x_wconf 83' lang='lat' dir='ltr'><strong>quasi</strong></span> <span class='ocrx_word' id='word_1_330' title='bbox 2067 2196 2214 2238; x_wconf 71' lang='lat' dir='ltr'><strong>theatri</strong></span> <span class='ocrx_word' id='word_1_331' title='bbox 2248 2199 2463 2242; x_wconf 89' lang='lat' dir='ltr'><strong>intuitione</strong></span> 
     </span>
    </p>
   </div>
   <div class='ocr_carea' id='block_1_6' title="bbox 362 2259 2464 2449">
    <p class='ocr_par' dir='ltr' id='par_1_12' title="bbox 362 2259 2464 2449">
     <span class='ocr_line' id='line_1_31' title="bbox 366 2259 2462 2314; baseline 0 -8"><span class='ocrx_word' id='word_1_332' title='bbox 366 2266 517 2307; x_wconf 84' lang='lat' dir='ltr'><strong>miscet.</strong></span> <span class='ocrx_word' id='word_1_333' title='bbox 573 2265 638 2305; x_wconf 88' lang='lat' dir='ltr'><strong>Sic</strong></span> <span class='ocrx_word' id='word_1_334' title='bbox 667 2264 913 2304; x_wconf 91' lang='lat' dir='ltr'><strong>Rubiconem</strong></span> <span class='ocrx_word' id='word_1_335' title='bbox 940 2262 1102 2302; x_wconf 86' lang='lat' dir='ltr'><strong>fluvium</strong></span> <span class='ocrx_word' id='word_1_336' title='bbox 1125 2266 1397 2314; x_wconf 88' lang='lat' dir='ltr'><strong>transgressus</strong></span> <span class='ocrx_word' id='word_1_337' title='bbox 1425 2261 1522 2302; x_wconf 92' lang='lat' dir='ltr'><strong>belli</strong></span> <span class='ocrx_word' id='word_1_338' title='bbox 1550 2260 1697 2309; x_wconf 84' lang='lat' dir='ltr'><strong>civilis,</strong></span> <span class='ocrx_word' id='word_1_339' title='bbox 1724 2259 1950 2301; x_wconf 89' lang='lat' dir='ltr'><strong>Sulmonem</strong></span> <span class='ocrx_word' id='word_1_340' title='bbox 1976 2260 2114 2302; x_wconf 90' lang='lat' dir='ltr'><strong>urbem</strong></span> <span class='ocrx_word' id='word_1_341' title='bbox 2140 2262 2294 2306; x_wconf 88' lang='lat' dir='ltr'><strong>intrans</strong></span> <span class='ocrx_word' id='word_1_342' title='bbox 2320 2263 2462 2314; x_wconf 79' lang='lat' dir='ltr'><strong>Ovidii,</strong></span> 
     </span>
     <span class='ocr_line' id='line_1_32' title="bbox 368 2324 2459 2380; baseline -0.002 -6"><span class='ocrx_word' id='word_1_343' title='bbox 368 2331 515 2374; x_wconf 81' lang='lat' dir='ltr'><strong>Cannis</strong></span> <span class='ocrx_word' id='word_1_344' title='bbox 542 2333 719 2372; x_wconf 86' lang='lat' dir='ltr'><strong>versatus</strong></span> <span class='ocrx_word' id='word_1_345' title='bbox 744 2327 984 2370; x_wconf 78' lang='lat' dir='ltr'><strong>Hannibalis</strong></span> <span class='ocrx_word' id='word_1_346' title='bbox 1017 2328 1083 2380; x_wconf 88' lang='lat' dir='ltr'><strong>pie</strong></span> <span class='ocrx_word' id='word_1_347' title='bbox 1107 2326 1297 2370; x_wconf 89' lang='lat' dir='ltr'><strong>meminit.</strong></span> <span class='ocrx_word' id='word_1_348' title='bbox 1363 2326 1587 2368; x_wconf 90' lang='lat' dir='ltr'><strong>Occurrunt</strong></span> <span class='ocrx_word' id='word_1_349' title='bbox 1626 2326 1664 2368; x_wconf 90' lang='lat' dir='ltr'><strong>ei</strong></span> <span class='ocrx_word' id='word_1_350' title='bbox 1689 2338 1813 2377; x_wconf 89' lang='lat' dir='ltr'><strong>prope</strong></span> <span class='ocrx_word' id='word_1_351' title='bbox 1842 2324 2066 2368; x_wconf 89' lang='lat' dir='ltr'><strong>Sulmonem</strong></span> <span class='ocrx_word' id='word_1_352' title='bbox 2092 2327 2265 2375; x_wconf 77' lang='lat' dir='ltr'><strong>arbores.</strong></span> <span class='ocrx_word' id='word_1_353' title='bbox 2290 2329 2459 2372; x_wconf 88' lang='lat' dir='ltr'><strong>miracu-</strong></span> 
     </span>
     <span class='ocr_line' id='line_1_33' title="bbox 362 2391 2464 2449; baseline -0.001 -10"><span class='ocrx_word' id='word_1_354' title='bbox 362 2396 492 2445; x_wconf 85' lang='lat' dir='ltr'><strong>losae,</strong></span> <span class='ocrx_word' id='word_1_355' title='bbox 519 2397 569 2437; x_wconf 90' lang='lat' dir='ltr'><strong>de</strong></span> <span class='ocrx_word' id='word_1_356' title='bbox 599 2395 744 2449; x_wconf 90' lang='lat' dir='ltr'><strong>quibus</strong></span> <span class='ocrx_word' id='word_1_357' title='bbox 771 2395 806 2434; x_wconf 90' lang='lat' dir='ltr'><strong>si</strong></span> <span class='ocrx_word' id='word_1_358' title='bbox 833 2394 923 2447; x_wconf 91' lang='lat' dir='ltr'><strong>quis</strong></span> <span class='ocrx_word' id='word_1_359' title='bbox 951 2406 1107 2433; x_wconf 89' lang='lat' dir='ltr'><strong>ramum</strong></span> <span class='ocrx_word' id='word_1_360' title='bbox 1134 2391 1395 2444; x_wconf 86' lang='lat' dir='ltr'><strong>decerpserit,</strong></span> <span class='ocrx_word' id='word_1_361' title='bbox 1424 2393 1492 2441; x_wconf 84' lang='lat' dir='ltr'><strong>ait,</strong></span> <span class='ocrx_word' id='word_1_362' title='bbox 1518 2393 1623 2432; x_wconf 90' lang='lat' dir='ltr'><strong>hunc</strong></span> <span class='ocrx_word' id='word_1_363' title='bbox 1650 2395 1720 2433; x_wconf 88' lang='lat' dir='ltr'><strong>aut</strong></span> <span class='ocrx_word' id='word_1_364' title='bbox 1737 2391 1874 2433; x_wconf 88' lang='lat' dir='ltr'><strong>eodem</strong></span> <span class='ocrx_word' id='word_1_365' title='bbox 1893 2405 1997 2432; x_wconf 88' lang='lat' dir='ltr'><strong>anno</strong></span> <span class='ocrx_word' id='word_1_366' title='bbox 2014 2393 2056 2432; x_wconf 90' lang='lat' dir='ltr'><strong>in</strong></span> <span class='ocrx_word' id='word_1_367' title='bbox 2070 2392 2154 2434; x_wconf 78' lang='lat' dir='ltr'><strong>fata</strong></span> <span class='ocrx_word' id='word_1_368' title='bbox 2166 2395 2379 2437; x_wconf 89' lang='lat' dir='ltr'><strong>concedere</strong></span> <span class='ocrx_word' id='word_1_369' title='bbox 2394 2401 2464 2437; x_wconf 89' lang='lat' dir='ltr'><strong>aut</strong></span> 
     </span>
    </p>
   </div>
   <div class='ocr_carea' id='block_1_7' title="bbox 377 2505 639 2514">
    <p class='ocr_par' dir='ltr' id='par_1_13' title="bbox 377 2505 639 2514">
     <span class='ocr_line' id='line_1_34' title="bbox 377 2505 639 2514; baseline 0 0"><span class='ocrx_word' id='word_1_370' title='bbox 377 2505 639 2514; x_wconf 95' lang='lat' dir='ltr'><strong> </strong></span> 
     </span>
    </p>
   </div>
   <div class='ocr_carea' id='block_1_8' title="bbox 359 2561 2461 2826">
    <p class='ocr_par' dir='ltr' id='par_1_14' title="bbox 359 2561 2461 2826">
     <span class='ocr_line' id='line_1_35' title="bbox 469 2561 2192 2606; baseline -0.001 -6"><span class='ocrx_word' id='word_1_371' title='bbox 469 2565 660 2600; x_wconf 88' lang='lat' dir='ltr'><strong>Londinum</strong></span> <span class='ocrx_word' id='word_1_372' title='bbox 682 2570 763 2598; x_wconf 90' lang='lat' dir='ltr'><strong>tunc</strong></span> <span class='ocrx_word' id='word_1_373' title='bbox 787 2573 930 2605; x_wconf 83' lang='lat' dir='ltr'><strong>„novam</strong></span> <span class='ocrx_word' id='word_1_374' title='bbox 957 2563 1115 2596; x_wconf 86' lang='lat' dir='ltr'><strong>Troiam“</strong></span> <span class='ocrx_word' id='word_1_375' title='bbox 1144 2561 1355 2604; x_wconf 82' lang='lat' dir='ltr'><strong>appellabant</strong></span> <span class='ocrx_word' id='word_1_376' title='bbox 1377 2567 1411 2595; x_wconf 88' lang='lat' dir='ltr'><strong>et</strong></span> <span class='ocrx_word' id='word_1_377' title='bbox 1430 2563 1465 2595; x_wconf 91' lang='lat' dir='ltr'><strong>in</strong></span> <span class='ocrx_word' id='word_1_378' title='bbox 1486 2561 1673 2595; x_wconf 85' lang='lat' dir='ltr'><strong>Walthario</strong></span> <span class='ocrx_word' id='word_1_379' title='bbox 1693 2561 1877 2595; x_wconf 84' lang='lat' dir='ltr'><strong>Eccehardi</strong></span> <span class='ocrx_word' id='word_1_380' title='bbox 1898 2572 1926 2595; x_wconf 91' lang='lat' dir='ltr'><strong>v.</strong></span> <span class='ocrx_word' id='word_1_381' title='bbox 1948 2563 1990 2597; x_wconf 82' lang='lat'><strong>27</strong></span> <span class='ocrx_word' id='word_1_382' title='bbox 2014 2564 2192 2606; x_wconf 83' lang='lat' dir='ltr'><strong>reperitur:</strong></span> 
     </span>
     <span class='ocr_line' id='line_1_36' title="bbox 969 2617 1851 2661; baseline 0 -10"><span class='ocrx_word' id='word_1_383' title='bbox 969 2617 1098 2651; x_wconf 88' lang='lat' dir='ltr'><strong>Nobilis</strong></span> <span class='ocrx_word' id='word_1_384' title='bbox 1120 2617 1183 2650; x_wconf 93' lang='lat' dir='ltr'><strong>hoc</strong></span> <span class='ocrx_word' id='word_1_385' title='bbox 1208 2617 1348 2659; x_wconf 86' lang='lat' dir='ltr'><strong>Hagano</strong></span> <span class='ocrx_word' id='word_1_386' title='bbox 1373 2618 1481 2651; x_wconf 85' lang='lat' dir='ltr'><strong>fuerat</strong></span> <span class='ocrx_word' id='word_1_387' title='bbox 1504 2617 1565 2651; x_wconf 92' lang='lat' dir='ltr'><strong>sub</strong></span> <span class='ocrx_word' id='word_1_388' title='bbox 1591 2621 1739 2660; x_wconf 87' lang='lat' dir='ltr'><strong>tempore</strong></span> <span class='ocrx_word' id='word_1_389' title='bbox 1760 2619 1851 2661; x_wconf 82' lang='lat' dir='ltr'><strong>Ayro</strong></span> 
     </span>
     <span class='ocr_line' id='line_1_37' title="bbox 972 2671 1853 2714; baseline 0 -8"><span class='ocrx_word' id='word_1_390' title='bbox 972 2673 1097 2707; x_wconf 90' lang='lat' dir='ltr'><strong>Indolis</strong></span> <span class='ocrx_word' id='word_1_391' title='bbox 1125 2672 1293 2714; x_wconf 84' lang='lat' dir='ltr'><strong>egregiae,</strong></span> <span class='ocrx_word' id='word_1_392' title='bbox 1321 2672 1456 2706; x_wconf 87' lang='lat' dir='ltr'><strong>veniens</strong></span> <span class='ocrx_word' id='word_1_393' title='bbox 1479 2671 1521 2705; x_wconf 89' lang='lat' dir='ltr'><strong>de</strong></span> <span class='ocrx_word' id='word_1_394' title='bbox 1544 2672 1692 2714; x_wconf 83' lang='lat' dir='ltr'><strong>germine</strong></span> <span class='ocrx_word' id='word_1_395' title='bbox 1715 2672 1853 2714; x_wconf 84' lang='lat' dir='ltr'><strong>Troiae,</strong></span> 
     </span>
     <span class='ocr_line' id='line_1_38' title="bbox 361 2721 2458 2776; baseline -0 -11"><span class='ocrx_word' id='word_1_396' title='bbox 361 2736 397 2765; x_wconf 83' lang='lat' dir='ltr'><strong>et</strong></span> <span class='ocrx_word' id='word_1_397' title='bbox 420 2731 540 2765; x_wconf 83' lang='lat' dir='ltr'><strong>Franci</strong></span> <span class='ocrx_word' id='word_1_398' title='bbox 565 2731 600 2764; x_wconf 89' lang='lat' dir='ltr'><strong>in</strong></span> <span class='ocrx_word' id='word_1_399' title='bbox 628 2730 812 2774; x_wconf 83' lang='lat' dir='ltr'><strong>Dagoberti</strong></span> <span class='ocrx_word' id='word_1_400' title='bbox 843 2728 932 2772; x_wconf 80' lang='lat' dir='ltr'><strong>regis</strong></span> <span class='ocrx_word' id='word_1_401' title='bbox 963 2727 1137 2768; x_wconf 83' lang='lat' dir='ltr'><strong>decret0‚</strong></span> <span class='ocrx_word' id='word_1_402' title='bbox 1142 2737 1195 2768; x_wconf 90' lang='lat' dir='ltr'><strong>‚ex</strong></span> <span class='ocrx_word' id='word_1_403' title='bbox 1231 2726 1429 2760; x_wconf 90' lang='lat' dir='ltr'><strong>nobilissimo</strong></span> <span class='ocrx_word' id='word_1_404' title='bbox 1460 2730 1493 2761; x_wconf 86' lang='lat' dir='ltr'><strong>et</strong></span> <span class='ocrx_word' id='word_1_405' title='bbox 1527 2727 1663 2770; x_wconf 88' lang='lat' dir='ltr'><strong>antiquo</strong></span> <span class='ocrx_word' id='word_1_406' title='bbox 1695 2727 1912 2776; x_wconf 85' lang='lat' dir='ltr'><strong>Troianorum</strong></span> <span class='ocrx_word' id='word_1_407' title='bbox 1943 2721 2153 2771; x_wconf 83' lang='lat' dir='ltr'><strong>reliquiarum</strong></span> <span class='ocrx_word' id='word_1_408' title='bbox 2184 2729 2345 2771; x_wconf 76' lang='lat' dir='ltr'><strong>sanguine</strong></span> <span class='ocrx_word' id='word_1_409' title='bbox 2371 2730 2458 2764; x_wconf 83' lang='lat' dir='ltr'><strong>orti⁴‘</strong></span> 
     </span>
     <span class='ocr_line' id='line_1_39' title="bbox 359 2781 2461 2826; baseline -0.001 -5"><span class='ocrx_word' id='word_1_410' title='bbox 359 2787 525 2821; x_wconf 83' lang='lat' dir='ltr'><strong>dicuntur.</strong></span> <span class='ocrx_word' id='word_1_411' title='bbox 574 2786 677 2818; x_wconf 89' lang='lat' dir='ltr'><strong>Simili</strong></span> <span class='ocrx_word' id='word_1_412' title='bbox 698 2786 794 2819; x_wconf 89' lang='lat' dir='ltr'><strong>modo</strong></span> <span class='ocrx_word' id='word_1_413' title='bbox 824 2785 925 2819; x_wconf 85' lang='lat' dir='ltr'><strong>etiam</strong></span> <span class='ocrx_word' id='word_1_414' title='bbox 948 2783 1065 2816; x_wconf 86' lang='lat' dir='ltr'><strong>Iuliam</strong></span> <span class='ocrx_word' id='word_1_415' title='bbox 1083 2786 1217 2824; x_wconf 85' lang='lat' dir='ltr'><strong>gentem</strong></span> <span class='ocrx_word' id='word_1_416' title='bbox 1246 2786 1279 2815; x_wconf 87' lang='lat' dir='ltr'><strong>et</strong></span> <span class='ocrx_word' id='word_1_417' title='bbox 1303 2782 1486 2824; x_wconf 90' lang='lat' dir='ltr'><strong>complures</strong></span> <span class='ocrx_word' id='word_1_418' title='bbox 1514 2783 1635 2815; x_wconf 89' lang='lat' dir='ltr'><strong>veteris</strong></span> <span class='ocrx_word' id='word_1_419' title='bbox 1660 2782 1788 2815; x_wconf 85' lang='lat' dir='ltr'><strong>Romae</strong></span> <span class='ocrx_word' id='word_1_420' title='bbox 1808 2782 1963 2823; x_wconf 83' lang='lat' dir='ltr'><strong>patricios</strong></span> <span class='ocrx_word' id='word_1_421' title='bbox 1988 2790 2010 2814; x_wconf 85' lang='lat' dir='ltr'><strong>a</strong></span> <span class='ocrx_word' id='word_1_422' title='bbox 2037 2781 2153 2814; x_wconf 89' lang='lat' dir='ltr'><strong>Troico</strong></span> <span class='ocrx_word' id='word_1_423' title='bbox 2180 2785 2339 2826; x_wconf 83' lang='lat' dir='ltr'><strong>sanguine</strong></span> <span class='ocrx_word' id='word_1_424' title='bbox 2368 2794 2461 2818; x_wconf 78' lang='lat' dir='ltr'><strong>suam</strong></span> 
     </span>
    </p>
   </div>
   <div class='ocr_carea' id='block_1_9' title="bbox 357 2837 2465 2937">
    <p class='ocr_par' dir='ltr' id='par_1_15' title="bbox 357 2837 2465 2937">
     <span class='ocr_line' id='line_1_40' title="bbox 357 2837 1371 2883; baseline -0.006 -8"><span class='ocrx_word' id='word_1_425' title='bbox 357 2841 522 2882; x_wconf 82' lang='lat' dir='ltr'><strong>originem</strong></span> <span class='ocrx_word' id='word_1_426' title='bbox 546 2848 635 2872; x_wconf 82' lang='lat' dir='ltr'><strong>vana</strong></span> <span class='ocrx_word' id='word_1_427' title='bbox 658 2840 840 2874; x_wconf 86' lang='lat' dir='ltr'><strong>nobilitatis</strong></span> <span class='ocrx_word' id='word_1_428' title='bbox 861 2838 1018 2883; x_wconf 85' lang='lat' dir='ltr'><strong>superbia</strong></span> <span class='ocrx_word' id='word_1_429' title='bbox 1039 2837 1207 2871; x_wconf 83' lang='lat' dir='ltr'><strong>derivasse</strong></span> <span class='ocrx_word' id='word_1_430' title='bbox 1233 2841 1371 2870; x_wconf 86' lang='lat' dir='ltr'><strong>constat.</strong></span> 
     </span>
     <span class='ocr_line' id='line_1_41' title="bbox 467 2890 2465 2937; baseline 0.002 -13.027"><span class='ocrx_word' id='word_1_431' title='bbox 467 2892 718 2937; x_wconf 78' lang='lat' dir='ltr'><strong>*)Cf.Pau11y</strong></span> <span class='ocrx_word' id='word_1_432' title='bbox 740 2894 888 2928; x_wconf 82' lang='lat' dir='ltr'><strong>Reallex.</strong></span> <span class='ocrx_word' id='word_1_433' title='bbox 920 2893 983 2926; x_wconf 92' lang='lat' dir='ltr'><strong>sub</strong></span> <span class='ocrx_word' id='word_1_434' title='bbox 1018 2902 1085 2925; x_wconf 91' lang='lat' dir='ltr'><strong>voc.</strong></span> <span class='ocrx_word' id='word_1_435' title='bbox 1121 2891 1252 2932; x_wconf 77' lang='lat' dir='ltr'><strong>Magia,</strong></span> <span class='ocrx_word' id='word_1_436' title='bbox 1295 2890 1333 2923; x_wconf 91' lang='lat' dir='ltr'><strong>G.</strong></span> <span class='ocrx_word' id='word_1_437' title='bbox 1360 2891 1487 2924; x_wconf 87' lang='lat' dir='ltr'><strong>Schotti</strong></span> <span class='ocrx_word' id='word_1_438' title='bbox 1509 2893 1624 2933; x_wconf 84' lang='lat' dir='ltr'><strong>Magia</strong></span> <span class='ocrx_word' id='word_1_439' title='bbox 1655 2893 1849 2926; x_wconf 84' lang='lat' dir='ltr'><strong>universalis</strong></span> <span class='ocrx_word' id='word_1_440' title='bbox 1876 2891 1966 2933; x_wconf 85' lang='lat'>1‚47</span> <span class='ocrx_word' id='word_1_441' title='bbox 1996 2893 2028 2925; x_wconf 92' lang='grc' dir='ltr'><strong>Π</strong></span> <span class='ocrx_word' id='word_1_442' title='bbox 2050 2893 2112 2925; x_wconf 83' lang='grc'><strong>206</strong></span> <span class='ocrx_word' id='word_1_443' title='bbox 2146 2897 2181 2927; x_wconf 90' lang='lat' dir='ltr'><strong>et</strong></span> <span class='ocrx_word' id='word_1_444' title='bbox 2203 2893 2369 2933; x_wconf 88' lang='lat' dir='ltr'><strong>Scheible,</strong></span> <span class='ocrx_word' id='word_1_445' title='bbox 2400 2893 2465 2927; x_wconf 82' lang='lat' dir='ltr'><strong>das.</strong></span> 
     </span>
    </p>
   </div>
   <div class='ocr_carea' id='block_1_10' title="bbox 356 2948 2462 3046">
    <p class='ocr_par' dir='ltr' id='par_1_16' title="bbox 356 2948 2462 3046">
     <span class='ocr_line' id='line_1_42' title="bbox 356 2948 2462 3046; baseline 0.002 -12"><span class='ocrx_word' id='word_1_446' title='bbox 356 2948 794 3045; x_wconf 48' lang='lat' dir='ltr'><strong>K108t3)ant3tL{liiklj)¹ilitZii</strong></span> <span class='ocrx_word' id='word_1_447' title='bbox 818 3004 967 3046; x_wconf 87' lang='lat' dir='ltr'><strong>scriptor.</strong></span> <span class='ocrx_word' id='word_1_448' title='bbox 992 3002 1155 3036; x_wconf 84' lang='lat' dir='ltr'><strong>brunsvic.</strong></span> <span class='ocrx_word' id='word_1_449' title='bbox 1185 3001 1302 3035; x_wconf 88' lang='lat' dir='ltr'><strong>illustr.</strong></span> <span class='ocrx_word' id='word_1_450' title='bbox 1332 3001 1374 3042; x_wconf 92' lang='lat'><strong>11,</strong></span> <span class='ocrx_word' id='word_1_451' title='bbox 1407 3011 1445 3043; x_wconf 89' lang='lat' dir='ltr'><strong>p.</strong></span> <span class='ocrx_word' id='word_1_452' title='bbox 1477 3002 1551 3034; x_wconf 80' lang='lat'><strong>695.</strong></span> <span class='ocrx_word' id='word_1_453' title='bbox 1598 3001 1635 3034; x_wconf 95' lang='grc' dir='ltr'><strong>Ο.</strong></span> <span class='ocrx_word' id='word_1_454' title='bbox 1659 3002 1763 3044; x_wconf 86' lang='lat' dir='ltr'><strong>Abel,</strong></span> <span class='ocrx_word' id='word_1_455' title='bbox 1789 3002 1900 3045; x_wconf 72' lang='lat' dir='ltr'><strong>Konig</strong></span> <span class='ocrx_word' id='word_1_456' title='bbox 1921 3000 2003 3035; x_wconf 86' lang='lat' dir='ltr'><strong>Phil.</strong></span> <span class='ocrx_word' id='word_1_457' title='bbox 2026 3001 2085 3035; x_wconf 87' lang='lat' dir='ltr'><strong>der</strong></span> <span class='ocrx_word' id='word_1_458' title='bbox 2106 3002 2266 3037; x_wconf 85' lang='lat' dir='ltr'><strong>Hohenst.</strong></span> <span class='ocrx_word' id='word_1_459' title='bbox 2287 3013 2320 3046; x_wconf 91' lang='lat' dir='ltr'><strong>p.</strong></span> <span class='ocrx_word' id='word_1_460' title='bbox 2340 3004 2403 3038; x_wconf 97' lang='grc'><strong>356</strong></span> <span class='ocrx_word' id='word_1_461' title='bbox 2426 3009 2462 3038; x_wconf 85' lang='lat' dir='ltr'><strong>et</strong></span> 
     </span>
    </p>
   </div>
   <div class='ocr_carea' id='block_1_11' title="bbox 353 3056 1848 3100">
    <p class='ocr_par' dir='ltr' id='par_1_17' title="bbox 353 3056 1848 3100">
     <span class='ocr_line' id='line_1_43' title="bbox 353 3056 1848 3100; baseline -0.001 -7"><span class='ocrx_word' id='word_1_462' title='bbox 353 3060 478 3093; x_wconf 82' lang='lat' dir='ltr'><strong>Petrus</strong></span> <span class='ocrx_word' id='word_1_463' title='bbox 502 3060 545 3092; x_wconf 91' lang='lat' dir='ltr'><strong>de</strong></span> <span class='ocrx_word' id='word_1_464' title='bbox 572 3059 686 3092; x_wconf 89' lang='lat' dir='ltr'><strong>Ebulo</strong></span> <span class='ocrx_word' id='word_1_465' title='bbox 710 3068 841 3092; x_wconf 85' lang='lat' dir='ltr'><strong>carmen</strong></span> <span class='ocrx_word' id='word_1_466' title='bbox 865 3059 906 3093; x_wconf 91' lang='lat' dir='ltr'><strong>de</strong></span> <span class='ocrx_word' id='word_1_467' title='bbox 928 3060 1071 3093; x_wconf 83' lang='lat' dir='ltr'><strong>motibus</strong></span> <span class='ocrx_word' id='word_1_468' title='bbox 1095 3058 1213 3092; x_wconf 90' lang='lat' dir='ltr'><strong>Siculis</strong></span> <span class='ocrx_word' id='word_1_469' title='bbox 1239 3058 1289 3091; x_wconf 86' lang='lat' dir='ltr'><strong>ed.</strong></span> <span class='ocrx_word' id='word_1_470' title='bbox 1312 3057 1429 3099; x_wconf 85' lang='lat' dir='ltr'><strong>Engel.</strong></span> <span class='ocrx_word' id='word_1_471' title='bbox 1476 3057 1577 3090; x_wconf 85' lang='lat' dir='ltr'><strong>Basil.</strong></span> <span class='ocrx_word' id='word_1_472' title='bbox 1604 3057 1697 3091; x_wconf 83' lang='lat'><strong>1756.</strong></span> <span class='ocrx_word' id='word_1_473' title='bbox 1721 3068 1752 3100; x_wconf 86' lang='lat' dir='ltr'><strong>p.</strong></span> <span class='ocrx_word' id='word_1_474' title='bbox 1775 3056 1848 3091; x_wconf 75' lang='lat'><strong>448.</strong></span> 
     </span>
    </p>
   </div>
  </div>
 </body>
</html>
