2781 3609
2430 307 2479 345 13

394 402 626 474 praedium
650 415 869 464 existimari
893 419 1051 463 debeat,
1103 415 1195 459 Huc
1219 416 1403 464 amdit,
1427 413 1534 467 quod
1557 414 1668 465 prior
1693 416 1800 453 certe
1823 411 1940 463 pars,
1975 409 2107 461 primo
2131 408 2255 448 latine
2282 421 2309 448 a
2331 408 2480 450 Ioanne

394 486 516 527 Altae
530 480 662 527 Silvae
687 485 835 539 (flaute
858 485 990 537 Solve)
1014 481 1247 525 monasterii
1271 492 1396 531 prope
1419 477 1635 519 Nanceium
1660 476 1732 517 sub
1759 475 1879 516 finem
1901 474 2026 516 seculi
2056 472 2139 514 XII
2162 467 2377 513 coenobita
2405 472 2479 514 sub

393 548 550 591 tituloz
571 548 877 603 „“Dolopatbos
908 547 1152 600 conscripta,
1187 543 1241 587 ad
1274 539 1500 593 exemplum
1524 539 1728 583 orientalis
1763 538 1967 582 cuiusdam
2002 537 2162 580 fabulae
2199 534 2377 578 Sindbad
2409 548 2481 578 seu

395 613 624 669 Syntipas‘)
647 614 873 668 appellatae
897 612 1138 655 adumbrata
1161 605 1234 652 est.
1284 608 1415 658 Quum
1438 620 1533 649 vero
1557 607 1720 647 ultimus
1746 605 1863 645 huius
1876 605 1971 646 libri
1984 603 2221 656 compilator
2233 604 2277 643 et
2288 604 2479 653 patronus

395 678 556 722 fabulae
578 679 781 721 theatmm
803 691 855 720 ex
873 677 1034 718 oriente
1055 675 1100 716 in
1115 673 1275 715 Italiam
1301 675 1343 713 et
1367 672 1411 712 in
1431 670 1642 722 capitalem
1655 669 1869 710 occidentis
1882 670 2022 711 urbem
2044 669 2213 715 Romam
2241 666 2477 709 transferret

394 744 568 799 ideoque
582 745 718 786 omnia
732 743 896 786 nomina
907 742 1190 787 commutaret,
1210 737 1299 779 fieri
1316 738 1466 790 potuit,
1483 737 1527 778 id
1545 736 1650 790 quod
1660 736 1829 777 Rothius
1848 735 1910 778 Il.
1923 737 2144 777 accuratius
2164 735 2330 784 evincit,
2343 739 2391 775 ut
2410 734 2479 777 ille

394 808 568 850 Ioannes
591 807 808 850 monachus
833 802 1036 847 nonnullis
1062 801 1210 844 fabulis
1231 805 1278 842 ιιι
1302 815 1336 843 ε.
1362 815 1398 855 g.
1425 801 1487 841 illi
1505 800 1556 843 de
1576 800 1821 850 „Salvatione
1842 800 2010 841 Romae“
2037 814 2181 842 nomen
2206 800 2344 842 dilecti
2370 800 2481 841 illius

395 878 503 931 magi
531 876 710 931 Virgilii,
743 874 858 928 quod'
886 876 973 914 tum
1005 871 1050 912 in
1084 869 1261 911 omnium
1293 881 1361 910 ore
1388 871 1493 915 erat,
1538 865 1791 918 adiungeret,
1838 864 1944 906 unde
1979 865 2143 914 fortasse
2180 867 2222 906 iu
2261 865 2479 908 Helinandi

395 934 651 990 collectanea,
675 939 745 982 sed
770 951 851 980 non
876 938 962 978 sine
985 934 1162 989 quadam
1185 934 1433 976 dubitatione
1458 935 1511 975 ab
1536 946 1583 974 eo
1608 936 1811 984 receptae,
1839 932 2093 974 transierunt.
2146 944 2151 951 ·

499 1012 625 1058 Haud
645 1016 844 1058 immerito
871 1015 994 1056 etiam
1017 1013 1224 1054 notissima
1246 1011 1317 1051 illa
1341 1010 1567 1052 fabularum
1593 1009 1773 1050 collectio
1803 1009 1846 1048 in
1877 1021 2086 1049 numerum
2120 1010 2480 1061 antiquissimorum

400 1082 527 1122 nostri
541 1079 765 1133 argumenti
777 1077 947 1118 fontium
962 1075 1167 1122 referetur,
1177 1089 1280 1128 quae
1294 1078 1475 1118 nomine:
1486 1077 1659 1126 „Gesta
1677 1075 1746 1116 Ro
1757 1090 1795 1116 m
1807 1089 1865 1116 an
1876 1089 1899 1116 ο
1910 1089 2019 1116 rum
2045 1090 2085 1116 m
2096 1089 2119 1116 o
2130 1067 2374 1119 ralisata“
2395 1091 2477 1119 me·

395 1142 462 1184 dio
478 1142 611 1185 seculo
633 1140 736 1182 XIII
749 1153 776 1181 a
793 1139 912 1180 Petro
931 1137 1211 1192 Boi-chorium
1230 1137 1448 1193 (Bercheur
1456 1140 1503 1194 2⁹),
1517 1140 1710 1182 monacho
1736 1131 1991 1189 Pictaviensi,
2017 1141 2164 1192 primo,
2190 1145 2236 1181 ut
2248 1141 2479 1214 plerumque
2507 1183 2513 1187 ,

399 1207 606 1256 statuitur,
631 1206 757 1246 latine
780 1204 947 1255 scripta,
972 1207 1060 1243 tum
1084 1204 1128 1243 in
1153 1204 1300 1244 multas
1325 1205 1565 1245 recentiores
1591 1205 1747 1258 linguas
1771 1206 1966 1246 translata
1992 1210 2034 1246 et
2060 1207 2243 1256 inprimis
2261 1207 2304 1245 in
2325 1220 2477 1259 germa

394 1272 486 1312 nica
509 1270 740 1312 recensione
757 1268 971 1340 admodum
998 1273 1116 1340 aucta
1141 1272 1211 1329 εει.
1275 1269 1528 1320 Exemplaria
1543 1269 1670 1343 latina
1689 1269 1921 1322 plerumque
1951 1272 2021 1312 181
2058 1271 2191 1322 capita
2215 1271 2477 1323 complectun-

1310 1333 1418 1343 οι..

395 1400 472 1450 ραι
498 1399 675 1449 libellus,
701 1397 938 1450 praesertim
964 1400 1050 1438 arte
1063 1397 1351 1449 typographica.
1362 1398 1524 1440 inventa
1535 1399 1687 1451 ingenti
1701 1398 1988 1450 exemplarium
2001 1399 2117 1449 copia
2130 1399 2295 1439 diffusus
2310 1399 2478 1441 lectores

394 1466 504 1507 illius
527 1466 670 1507 aetatis
692 1464 794 1506 mire
819 1462 1057 1511 delectasse,
1076 1462 1174 1515 quin
1201 1475 1334 1504 sacros
1346 1463 1600 1505 ecclesiarum
1614 1463 1994 1515 concionatoresm)
2008 1463 2122 1517 larga
2136 1463 2295 1505 dicendi
2308 1465 2476 1507 materia

394 1532 543 1573 ditasse
569 1530 743 1579 videtur,
781 1528 907 1569 donec
933 1527 1043 1568 clara
1069 1527 1305 1578 disciplinae
1342 1526 1590 1569 Christianae
1626 1528 1923 1569 emendatorum
1958 1528 2027 1569 lux
2064 1542 2154 1570 cum
2189 1530 2323 1571 multis
2357 1531 2480 1572 medii

394 1598 484 1640 aevi
513 1597 692 1649 tenebris
726 1596 846 1636 etiam
882 1594 1000 1634 hasce
1036 1593 1238 1645 simplices
1273 1593 1435 1645 quidem
1463 1599 1506 1636 et
1531 1594 1678 1636 facetae
1715 1595 1784 1636 sed
1824 1594 1989 1636 fortasse
2031 1600 2195 1647 propter
2242 1597 2479 1650 gentilitatis

401 1661 601 1716 quendam
627 1659 789 1701 odorem
816 1660 1017 1709 suspectas
1042 1656 1208 1698 fabellas
1235 1657 1382 1698 sensim
1408 1658 1495 1700 foro
1520 1659 1698 1700 litei-ario
1724 1659 1994 1711 exploserunt,
2019 1664 2065 1700 ut
2091 1662 2248 1701 nonnisi
2271 1662 2315 1702 ιιι
2344 1676 2476 1704 mona·

396 1726 529 1767 storiis
556 1724 743 1765 solitariis
766 1723 847 1763 illis
886 1726 1006 1773 atque
1031 1722 1207 1762 humana
1232 1722 1422 1765 societate
1450 1735 1576 1772 paene
1611 1721 1780 1762 exclusis
1813 1722 1909 1764 viris
1937 1736 1984 1762 ac
2013 1723 2264 1764 mulierculis
2282 1725 2482 1768 interdum

397 1789 662 1831 clandestinas
688 1787 850 1830 delicias
882 1790 1072 1838 pararent
1104 1790 1224 1839 atque
1261 1787 1476 1838 postremo
1496 1799 1608 1827 sacro
1636 1787 1965 1827 bibliothecarum
1982 1788 2160 1840 pulvere
2187 1789 2484 1843 obtegerentur

397 1854 544 1897 Nostro
568 1853 732 1895 tandem
754 1856 933 1904 tempore
957 1850 1026 1892 ille
1047 1851 1150 1893 liber
1175 1865 1224 1893 ex
1251 1851 1335 1893 alto
1362 1852 1476 1905 quasi
1500 1865 1641 1904 sopore
1669 1853 1944 1908 resuscitatus,
1972 1838 2042 1894 sed
2060 1865 2086 1893 a
2103 1852 2198 1894 viris
2211 1853 2337 1896 doctis
2350 1855 2477 1900 diver·
2480 1890 2483 1892 >

394 1919 550 1959 sissima
573 1918 728 1958 ratione
756 1917 986 1957 aestimatus
1011 1920 1082 1958 εει
1135 1916 1222 1956 Α1ιι
1242 1917 1367 1964 ειιιιιι,
1406 1921 1451 1954 ιιι
1477 1910 1703 1964 (Ξιειέεειιιε,
1739 1899 1903 1955 laudant
1926 1916 2014 1956 eius
2049 1916 2259 1956 candidam
2290 1920 2476 1972 simplici-

391 1987 520 2026 tatem
545 1982 798 2034 lepidamque
822 1981 1065 2022 hilaritatem
1092 1995 1139 2022 ac
1165 1981 1373 2034 mysticam
1408 1980 1558 2031 passim
1581 1979 1917 2033 profunditatem,
1955 1980 2025 2022 sed
2051 1980 2259 2023 lasciviora
2285 1985 2479 2036 quaedam

373 2221 375 2223 .
502 2190 679 2235 >Dacier
698 2189 752 2223 in·
774 2188 951 2222 Memoires
982 2187 1023 2220 de
1052 2188 1188 2220 litterat.
1220 2187 1261 2221 de
1293 2188 1420 2221 l’.Acad
1442 2188 1570 2231 Royale
1593 2186 1705 2231 (Paua
1730 2189 1816 2223 1780
1840 2190 1879 2223 T.
1900 2191 1962 2231 41,
1985 2191 2073 2232 546)
2113 2193 2280 2234 epitomen
2311 2195 2479 2228 ostentans

393 2247 482 2282 illins
495 2244 631 2279 fabulae
648 2242 820 2286 proposuit
840 2250 861 2274 e
874 2249 995 2284 graeca
1018 2244 1144 2283 septem
1166 2240 1349 2283 sapientum
1372 2241 1606 2284 translatione,
1630 2252 1717 2286 quae
1738 2245 1772 2277 in
1797 2245 1890 2287 regia
1915 2245 2114 2279 bibliotheca
2123 2246 2257 2280 Parisiis
2279 2242 2477 2283 asservatur.

396 2302 525 2337 Gnaeo
549 2300 597 2334 illi
617 2297 797 2340 exemplar!
817 2297 1010 2338 inscriptum
1032 2305 1106 2330 esse
1130 2294 1290 2329 affimat.
1314 2299 1514 2338 „Zvvrlnoec
1538 2297 1555 2332 ὃ
1573 2297 1771 2344 φιλόσοφος
1786 2305 2016 2344 μεταβληθεὶς
2039 2305 2076 2336 ἐκ
2099 2306 2216 2345 τῙςΣυ
2198 2307 2336 2348 υριακῆς
2356 2309 2477 2347 βίβλου

392 2364 440 2399 εις
459 2358 523 2400 τὴν
540 2353 706 2391 Ελλάδος
730 2354 919 2397 γλῶττανμ
962 2352 1002 2385 Ιιι
1025 2350 1231 2394 praefatione
1252 2351 1327 2395 Syri
1347 2351 1464 2384 relatio
1489 2351 1533 2385 ad
1555 2352 1692 2387 Persam
1715 2354 1881 2396 quendam
1903 2356 2038 2390 Musum
2060 2356 2244 2398 reducitur,
2268 2359 2324 2399 qui
2348 2364 2383 2393 et
2405 2360 2478 2403 ipse

310 2399 315 2405 ’
391 2422 508 2448 rmus
529 2408 648 2443 Indum
667 2407 813 2440 imitatus
835 2406 888 2439 sit.
931 2405 1043 2438 Etiam
1067 2407 1292 2439 Assemannus
1316 2402 1419 2449 (bibl.
1441 2406 1558 2440 orient.
1581 2409 1620 2449 3,
1643 2409 1730 2450 221)
1753 2413 1897 2443 testatur
1925 2410 2011 2444 idem
2040 2412 2091 2445 his
2124 2412 2247 2456 verbis:
2272 2412 2397 2455 Chusii,
2421 2417 2478 2458 qui
2520 2437 2537 2450 .

389 2466 511 2501 tertius
531 2463 617 2497 Poro
641 2461 809 2502 successit,
831 2459 1047 2502 temporibus
1054 2459 1167 2494 floruit
1189 2459 1401 2495 Sendebadus
1424 2461 1566 2504 sapiens,
1590 2468 1707 2497 auctor
1727 2465 1804 2498 libri
1829 2464 1870 2499 de
1894 2469 2020 2508 septem
2044 2467 2236 2500 consiliariis
2261 2472 2295 2501 et
2318 2469 2486 2511 magistro

392 2529 428 2559 et
449 2521 583 2555 doctore
608 2523 642 2551 et
664 2520 770 2549 matre
793 2515 880 2557 regis
906 2520 968 2548 etc.
1003 2514 1051 2547 cf.
1075 2514 1114 2547 F.
1137 2514 1191 2547 W.
1213 2515 1253 2548 V.
1277 2515 1422 2549 Schmidt
1443 2516 1600 2559 Beitrage
1622 2529 1681 2552 zur
1705 2520 1823 2553 Gesch.
1847 2521 1878 2553 d.
1906 2527 2045 2555 romant.
2070 2523 2195 2555 Poesie.
2217 2533 2249 2564 p.
2275 2525 2345 2557 127.
2387 2521 2391 2525 ”

498 2588 552 2630 ”)
577 2584 626 2619 Cf.
649 2585 754 2619 Gesta
774 2584 997 2617 Romanorum
1024 2587 1085 2616 etc.
1109 2582 1159 2616 ed.
1182 2583 1213 2616 J.
1239 2583 1277 2617 G.
1298 2583 1338 2618 R.
1362 2584 1501 2625 Grasse,
1535 2585 1590 2626 qui
1624 2585 1771 2626 dubitat,
1804 2596 1883 2618 num
1921 2597 1959 2619 re
1991 2597 2070 2620 vera
2092 2588 2309 2631 Berchorius,
2341 2601 2479 2636 propter

394 2646 490 2682 unius
512 2641 633 2678 Glassii
653 2641 687 2675 in
708 2637 886 2683 philologia
907 2648 1003 2673 sacra
1026 2640 1073 2682 (p.
1081 2639 1162 2681 312)
1186 2640 1423 2682 testimonium,
1444 2650 1557 2674 eorum
1579 2644 1696 2673 auctor
1713 2640 1773 2680 sit,
1798 2644 1831 2672 et
1847 2640 2049 2673 Elinandum
2067 2641 2233 2683 quendam
2250 2648 2288 2677 ut
2298 2645 2477 2681 Gestorum

398 2699 641 2742 compilatorem
660 2695 847 2728 acutissime
870 2695 1020 2728 evincere
1041 2694 1161 2728 studet.

504 2759 574 2801 m)
597 2758 778 2792 Schelhorn
798 2759 935 2792 Amoen.
956 2758 1045 2791 Eccl.
1068 2759 1103 2799 Ι,
1134 2769 1166 2801 p.
1189 2758 1252 2791 807
1280 2758 1322 2793 de
1343 2759 1519 2794 Gestorum
1534 2762 1731 2804 exemplari,
1755 2761 1842 2803 quod
1863 2761 2073 2803 possidebat,
2098 2768 2231 2804 narrat,
2273 2766 2306 2798 in
2330 2769 2480 2811 margine

395 2818 547 2852 foliorum
568 2814 610 2848 ab
634 2814 692 2854 iis,
715 2812 772 2855 qui
794 2817 872 2847 ante
894 2813 1000 2856 ipsum
1024 2821 1230 2855 possessores
1250 2812 1391 2856 fuerint,
1408 2820 1601 2850 annotatum
1623 2827 1714 2857 esse,
1739 2825 1822 2858 quas
1844 2816 1975 2850 fabulas
1989 2821 2024 2850 et
2037 2818 2172 2860 quando
2185 2826 2344 2863 excerpta
2364 2833 2475 2858 earum

393 2876 429 2909 in
449 2882 562 2909 sacros
585 2879 750 2906 sermones
770 2870 989 2912 recepissent,
1012 2869 1046 2904 id
1067 2868 1155 2912 quod
1176 2869 1324 2912 inprimis
1343 2880 1364 2904 a
1385 2873 1553 2906 monachis
1575 2871 1761 2914 paenulatis
1783 2880 1842 2904 seu
1866 2870 2061 2914 Capuzinis,
2087 2884 2170 2916 quos
2195 2874 2320 2918 dicunt,
2344 2880 2474 2921 praedi-

396 2927 565 2963 catoribus
585 2925 709 2958 factum
730 2933 802 2957 esse
823 2924 962 2958 videtur.
1018 2925 1092 2967 Qua
1113 2924 1155 2958 de
1178 2934 1278 2959 causa
1298 2926 1456 2960 Erasmus
1489 2928 1523 2960 in
1548 2926 1646 2959 laude
1678 2926 1837 2960 stultitiae
1868 2927 2071 2961 observavit.
2119 2930 2205 2970 „Hic
2235 2933 2312 2965 mihi
2342 2936 2476 2968 stultam

395 2983 540 3026 aliquam
562 2985 596 3015 et
616 2977 780 3014 indoctam
804 2977 950 3012 fabulam
973 2988 1016 3013 ex
1039 2978 1172 3022 speculo
1199 2978 1315 3022 opinor
1342 2980 1503 3015 historiali
1532 2985 1590 3015 aut
1621 2980 1731 3015 Gestis
1761 2980 1986 3016 Romanorum
2017 2983 2051 3017 ιιι
2082 2984 2225 3019 medium
2257 2986 2409 3022 adferunt
2437 2995 2475 3023 et
2516 2978 2521 2982 ’

395 3035 535 3072 eandm
555 3035 814 3077 interpretantur
834 3033 1025 3076 allegorice,
1042 3033 1242 3078 tropologice
1264 3039 1298 3069 et
1317 3034 1532 3077 anagogice.“
1580 3033 1620 3066 cf.
1644 3034 1786 3068 Graesse
1807 3035 1829 3067 l.
1852 3035 1873 3068 l.
