2781 3609
2367 368 2419 411 27

869 468 942 504 11.
961 467 1152 511 ‘Vh-smus
1169 463 1341 516 ,wieh-
1363 465 1678 502 amona-cnm
1697 467 1881 503 instimt.

448 513 632 571 Notioni,
669 538 789 578 quam
821 524 1004 567 homines
1025 522 1150 565 medii
1184 522 1274 564 aevi
1299 521 1350 563 de
1374 521 1545 575 Virgilio
1569 527 1847 573 conceperant,
1879 524 2002 565 etiam
2037 523 2113 565 hoc
2146 525 2417 575 conveniebat,

340 588 448 641 quod
472 589 702 640 credebant,
734 603 843 640 eum,
869 588 1136 642 Pythagorae,
1157 586 1358 635 Platonis,
1383 586 1554 628 aliorum
1578 585 1719 632 instar,
1734 587 2161 632 scholamasseclarum
2178 589 2410 632 instituisse.

344 651 432 695 Etsi
455 667 546 696 vero
570 655 614 696 in
639 656 720 697 illis
745 656 868 697 seculi
899 652 1158 697 xirotxm
1173 652 1375 694 codicibus
1400 651 1452 692 de
1478 651 1554 692 hac
1580 663 1623 690 re
1653 650 1754 690 nihil
1780 658 2119 696 commemoratur.
2135 658 2177 694 et
2202 654 2411 707 insequen-

340 717 449 760 tibus
481 719 637 766 demum
674 721 834 771 seculis,
875 732 966 763 cum
1000 719 1095 761 illae
1127 717 1286 760 fabulae
1321 717 1365 759 in
1391 729 1513 758 unum
1549 728 1691 768 corpus
1717 717 1918 769 popularis
1942 718 2036 760 libri
2071 716 2417 770 coaluissent,*de

343 783 479 826 schola
490 785 649 839 Virgilii
672 785 967 828 necromantica
992 783 1161 834 Neapoli
1186 787 1327 835 aperta
1348 786 1391 824 et
1402 781 1601 822 Toletanis
1628 783 1797 823 maxime
1825 784 2022 836 magistris
2047 790 2239 827 exornata
2266 788 2415 838 passim

324 859 471 893 sermo
508 853 586 900 cst,
611 855 744 893 tamen
770 849 1124 902 Neapolitanorum
1161 848 1340 900 ipsorum
1373 845 1588 887 traditione
1624 847 1831 898 probatur,
1865 849 2062 900 quondam
2097 851 2177 893 tale
2204 851 2302 904 quid
2326 865 2413 895 cre·

328 902 471 956 'ditum
495 929 589 959 esse.
654 916 757 959 Nam
790 915 986 969 hodieque
1021 915 1066 956 in
1099 914 1247 956 vertice
1274 913 1422 954 montis
1446 912 1645 973 Pausilypi
1671 912 1776 954 inter
1813 919 2026 965 praerupta
2059 927 2156 956 saxa
2190 918 2415 970 peregrinis

341 981 560 1030 parietinae
585 986 873 1030 monstrantur,
905 981 1049 1033 quibus
1082 991 1228 1020 nomeu
1254 977 1415 1031 Virgilii
1441 977 1599 1018 scholae
1629 978 1783 1025 (Scuola
1806 978 1850 1016 di
1884 978 2061 1028 Viryilio)
2099 979 2234 1029 datur,
2271 995 2410 1034 quam-

339 1059 460 1098 quam
485 1048 732 1102 antiquitatis
757 1046 1059 1104 investigatores
1086 1043 1347 1096 contendunt,
1374 1043 1457 1083 illic
1473 1042 1672 1095 quondam
1692 1042 1845 1082 Luculli
1872 1042 2005 1082 villam
2023 1048 2259 1087 exstructam
2282 1048 2414 1097 fuisse,

348 1112 399 1154 de
425 1125 503 1165 qua
526 1111 603 1155 vid.
631 1113 868 1164 interpretes
893 1110 945 1151 ad
969 1109 1091 1151 Tacit.
1118 1108 1259 1150 Annal„
1288 1106 1354 1158 VI,
1379 1111 1430 1150 50
1457 1111 1499 1148 et
1523 1106 1766 1160 epigramma
1790 1108 1833 1148 in
1847 1106 1981 1160 Meyer
1990 1108 2145 1161 Anthol.
2170 1110 2237 1152 lat.
2259 1111 2309 1158 11,
2322 1115 2415 1156 882.

342 1177 473 1218 Etiam
485 1178 633 1218 Romae
658 1176 912 1217 artificiosum
933 1174 1133 1227 quoddam
1151 1173 1395 1222 aedificium,
1408 1172 1514 1224 quod
1527 1173 1817 1224 „Septizonium‘
1829 1173 2105 1224 appellabatur
2123 1179 2163 1215 et
2189 1190 2291 1218 anuo
2316 1180 2414 1220 1588

340 1242 449 1283 iussu
473 1242 575 1283 sixti
601 1241 637 1282 v
666 1241 836 1281 diruta...
865 1243 944 1288 est,
972 1243 1109 1290 postea
1136 1238 1272 1279 schola
1289 1238 1450 1291 Virgilii
1477 1238 1806 1290 nominabatur.*)
1831 1237 2015 1286 Quamvis
2042 1239 2093 1279 αθ
2120 1241 2236 1282 huius
2258 1233 2418 1285 sentiae

278 1315 283 1321 '
342 1307 568 1360 disciplina,
595 1307 767 1360 legibus,
801 1304 1005 1356 discipulis
1030 1303 1135 1358 nihil
1159 1302 1350 1344 traditum
1379 1303 1449 1351 sit,
1476 1303 1624 1355 quippe
1647 1303 1753 1355 quod
1779 1303 1957 1355 mysterii
1982 1308 2128 1345 natura
2154 1306 2228 1347 hoc
2254 1313 2416 1358 vetaret,

343 1376 477 1413 tamen
504 1373 544 1412 id
570 1385 648 1413 non
672 1368 1070 1424 praetermittendum
1097 1371 1175 1416 est,
1202 1368 1323 1409 etiam
1347 1367 1398 1409 de
1424 1369 1518 1408 libro
1544 1367 1714 1420 quodam
1737 1369 1891 1419 Μαρίου,
1918 1381 1966 1409 ex
1994 1381 2071 1421 quo
2081 1368 2270 1423 Virgilius
2290 1377 2417 1414 artem

343 1437 609 1486 notoriam&
651 1437 854 1483 didicerit,
897 1434 1046 1486 passim
1093 1433 1201 1485 apud
1246 1433 1459 1484 scriptores
1507 1437 1718 1484 poetasque
1762 1432 1883 1472 medii
1925 1435 2012 1473 aevi
2060 1447 2279 1476 sermonem
2320 1451 2415 1479 esse.

350 1503 535 1545 Villanius
561 1515 645 1555 cap.
673 1506 723 1544 32
748 1516 833 1542 rem
860 1500 919 1541 ita
944 1502 1102 1540 narrat:
1153 1497 1263 1548 „Non
1301 1502 1362 1539 est
1397 1497 1503 1551 quod
1539 1499 1744 1550 miremur,
1774 1496 1985 1550 Virgilium
2021 1504 2173 1540 tantam
2209 1503 2415 1546 scientiam

340 1567 635 1619 potentiamque
663 1567 858 1608 habuisse.
912 1564 1072 1606 Etenim
1092 1563 1162 1606 ille
1183 1564 1336 1604 iuvenis
1363 1563 1577 1616 quondam,
1604 1568 1649 1603 ut
1672 1564 1715 1603 in
1743 1567 1896 1604 vetusto
1923 1565 2109 1606 chronico
2132 1566 2295 1619 legitur,
2323 1583 2415 1611 cum

340 1645 419 1674 uno
445 1631 724 1685 discipulorum
746 1643 905 1672 suorum
930 1629 1167 1680 Philomelo,
1203 1633 1362 1671 antrum
1389 1629 1588 1683 quoddam
1614 1629 1793 1677 intravit,
1832 1629 1938 1682 quod
1973 1632 2045 1672 sub
2075 1636 2204 1673 monte
2233 1634 2410 1678 Barbare

341 1702 413 1741 est.
464 1698 634 1750 Utrique
664 1699 750 1737 erat
775 1696 818 1736 iu
844 1696 975 1737 auimo
1001 1696 1051 1737 de
1076 1696 1195 1737 rebus
1212 1687 1488 1744 mirabilibus,
1513 1708 1610 1747 quas
1634 1696 1892 1747 philosophus
1918 1697 2079 1749 quidam
2109 1698 2256 1739 Chiron
2284 1703 2413 1752 perf-³—

340 1763 476 1812 cisset,
503 1767 726 1804 accuratam
752 1763 1015 1816 coguitionem
1041 1761 1226 1803 nancisci.
1282 1760 1364 1802 Ubi
1390 1775 1480 1802 cum
1495 1760 1675 1802 Chironis
1703 1763 1926 1813 sepulcrum
1941 1764 2200 1810 invenissent,
2220 1765 2412 1819 Virgilius

342 1827 489 1869 librum
515 1827 586 1869 sub
615 1827 721 1880 magi
749 1828 878 1879 capite
904 1826 1176 1868 absconditum
1201 1826 1393 1874 detraxit,
1432 1840 1482 1868 ex
1512 1840 1590 1878 quo
1613 1830 1699 1866 tum
1727 1830 1853 1866 artem
1879 1828 2074 1880 magicam
2100 1829 2216 1879 plene
2242 1845 2292 1874 ac,
2324 1846 2412 1883 per-

344 1892 446 1934 fecte
472 1892 646 1933 didicit“
672 1893 739 1934 De'
753 1893 827 1933 hoc
846 1896 978 1933 monte
988 1892 1181 1939 Barbam,
1208 1891 1277 1943 qui
1305 1890 1479 1931 Puteolis
1505 1904 1552 1931 ac
1578 1891 1687 1931 Baiis
1705 1890 1757 1931 ad
1775 1893 2087 1943 septentrionem
2102 1899 2270 1945 spectat,
2291 1898 2410 1940 etiam

257 1964 261 1968 '
344 1960 530 1999 Comadus
557 1958 755 1999 mirabilia
780 1959 905 1998 multa
929 1957 1158 2009 imperatori
1185 1970 1255 1997 suo
1282 1957 1450 2007 scripsit.
1504 1957 1689 2009 Magnam
1714 1970 1805 1997 vero
1841 1963 1995 2008 partem
2022 1960 2073 1999 ab
2100 1960 2160 1999 his
2190 1960 2410 2005 fictionibus

345 2023 501 2064 diversa
533 2028 644 2073 sunt,
679 2037 780 2076 quae
805 2036 924 2075 supra
949 2035 985 2073 p.
1015 2027 1060 2064 15
1080 2036 1112 2074 ‚e
1139 2023 1304 2063 Malleoli
1336 2034 1456 2073 opere
1490 2023 1677 2074 excerpsi.
1732 2022 1851 2063 Plura
1879 2037 1926 2064 ac
1961 2026 2056 2064 satis
2091 2027 2193 2065 mira
2234 2028 2309 2068 vid.
2350 2043 2411 2081 ap.

343 2088 580 2128 Massmann.
616 2089 641 2131 1.
669 2088 695 2131 l.
723 2102 761 2140 p.
790 2092 877 2130 439.
939 2088 1072 2129 Etiam
1102 2087 1146 2128 in
1179 2087 1251 2128 illa
1284 2086 1569 2128 Germanorum
1610 2088 1742 2139 prisca
1774 2089 1992 2130 carminum
2028 2091 2271 2140 collectione,
2314 2107 2417 2147 quae

342 2147 562 2205 poetarum'
584 2155 866 2195 amatoriorum
901 2158 1100 2194 certamen
1142 2154 1184 2193 in
1220 2167 1311 2194 arce
1354 2152 1550 2193 Comitum
1585 2153 1826 2206 Thuringiae
1871 2158 2074 2204 peractum
2120 2155 2414 2215 describam),

346 2217 505 2272 Virgilii
539 2217 699 2271 eiusque
731 2218 875 2272 magici
910 2218 1114 2260 cuiusdam
1151 2218 1269 2274 libri,
1292 2217 1360 2260 sed
1387 2231 1548 2269 prorsus
1577 2218 1659 2259 alia
1697 2220 1869 2266 ratione,
1899 2222 2046 2260 mentio
2077 2220 2130 2261 fit.
2187 2221 2416 2266 Incautator

345 2284 506 2336 quidam
532 2285 708 2331 Zabuhm,
736 2282 1047 2333 Semi-Iudaeus,
1081 2283 1282 2336 Babylone
1314 2283 1462 2324 librum
1489 2282 1704 2324 confecisse
1739 2283 1989 2332 credebatur,
2024 2300 2102 2338 quo
2130 2287 2226 2330 Iesu·
2244 2291 2412 2335 Messias

341 2350 570 2406 descensum
595 2348 638 2388 in
663 2348 786 2388 vitam
819 2350 1027 2390 mortalem
1049 2353 1090 2391 et
1113 2348 1289 2401 pericula
1311 2361 1384 2399 per
1416 2361 1506 2389 eum
1534 2348 1770 2389 Iudaeorum
1807 2349 1898 2390 fidei
1927 2350 2173 2393 imminentia
2198 2386 2207 2402 ,
2235 2369 2335 2407 quae
2364 2372 2415 2398 ex

343 2415 462 2457 astris
487 2427 529 2454 se
555 2411 794 2465 praevidisse
822 2414 1052 2464 simulabat,
1078 2428 1150 2467 pro
1168 2415 1318 2456 viribus
1333 2418 1538 2470 averteret.
1594 2413 1710 2455 Hunc
1736 2415 1912 2456 libellum
1929 2414 2116 2469 Virgilius
2148 2432 2236 2459 cum
2271 2435 2417 2476 magna

344 2480 521 2533 equitum
555 2481 712 2518 caterva
745 2491 888 2531 magno
922 2480 1097 2531 periculo
1129 2483 1172 2521 iu
1195 2483 1327 2521 monte
1365 2478 1535 2532 quodam
1572 2481 1794 2533 magnetico
1829 2483 2023 2533 (Aqtstein
2034 2488 2068 2530 )‚
2105 2482 2152 2524 de
2188 2498 2266 2536 quo
2305 2489 2414 2529 varie

344 2545 624 2587 fabulabantur
655 2542 950 2596 mythographi,
984 2544 1172 2587 daemone
1208 2545 1377 2598 quodam
1410 2547 1592 2586 Glestroeoe
1602 2552 1643 2597 †)
1678 2543 1908 2594 adiuvante,
1939 2547 2152 2599 arripuisse
2191 2555 2311 2604 atque
2359 2555 2420 2596 ita

471 2705 504 2746 ¹⁸¹)
529 2703 577 2736 Cf.
598 2713 662 2736 von
683 2703 743 2736 der
765 2702 884 2746 Hagen
905 2704 1037 2747 Briefe,
1062 2705 1120 2748 IV,
1142 2707 1214 2748 117,
1237 2707 1293 2750 qui
1313 2705 1435 2747 refert,
1464 2703 1715 2738 delineationem
1737 2705 1806 2738 eius
1827 2706 1860 2739 in
1883 2705 2054 2741 San-Galli
2077 2709 2269 2746 collectione
2291 2713 2415 2757 (1475)

342 2762 377 2795 in
398 2759 580 2792 Barberina
604 2757 802 2791 bibliotheca
823 2764 1026 2793 asservatam
1047 2761 1155 2794 adhuc
1175 2760 1322 2802 exstare,
1345 2762 1398 2794 cni
1420 2770 1538 2793 nome1
1563 2760 1693 2792 scholae
1716 2760 1845 2801 Virgilii
1867 2761 2070 2803 adscriptum
2098 2766 2151 2798 sit.

449 2812 502 2855 ⁸*)
524 2809 572 2844 Cf.
594 2810 635 2845 de
648 2815 720 2845 arte
735 2812 878 2854 notoria:
903 2814 1088 2855 „Henricus
1104 2814 1428 2858 CorneliusAgrippa
1447 2814 1490 2848 ab
1505 2813 1718 2857 Nettesheym
1736 2814 1778 2848 de
1793 2815 1920 2853 occulta
1936 2817 2154 2861 philosophia.
2181 2822 2272 2857 1510.
2292 2835 2322 2867 p.
2346 2828 2417 2863 603,

429 2865 500 2907 *¹·*)
522 2863 570 2898 Cf.
602 2863 750 2897 Simrock
773 2864 1050 2910 Wartburgkrieg
1071 2878 1103 2910 p.
1126 2868 1198 2902 195.
1242 2868 1347 2908 „Wer
1369 2868 1434 2910 gab
1465 2867 1516 2900 dir
1537 2868 1716 2902 Zabulonis
1741 2870 1853 2911 Buch‚
1878 2870 1938 2904 das
1966 2872 2125 2915 Virgilius
2147 2877 2208 2910 auf
2227 2879 2301 2913 dem
2314 2876 2417 2925 Ageb-

344 2921 431 2956 stein
450 2920 510 2954 mit
532 2927 663 2962 grosser
682 2917 773 2952 Noth
794 2928 932 2961 gewann
940 2920 979 2954 ?“
1002 2924 1064 2955 etc.
1107 2920 1284 2956 Zabulonis
1306 2922 1421 2965 (etiam
1445 2921 1604 2963 Savelon,
1630 2922 1738 2957 Savilo
1766 2940 1803 2953 -
1827 2925 2006 2969 Diabolus)
2030 2939 2149 2964 nomen
2173 2942 2272 2976 saepe
2293 2941 2417 2979 repen·-

344 2979 402 3008 tur
426 2983 478 3016 ap.
500 2977 585 3015 patr.
605 2974 782 3006 ecclesiast.
825 2973 876 3006 Cf.
897 2973 1070 3007 Cholevius
1094 2974 1212 3008 Goech.
1234 2973 1266 3006 d.
1288 2974 1377 3007 deun
1400 2975 1517 3008 Poesie
1541 2985 1574 3008 n.
1598 2975 1660 3008 ihr.
1682 2981 1751 3010 ant.
1772 2978 1826 3011 El.
1848 2980 1875 3021 1,
1902 2991 1935 3023 p.
1959 2982 2032 3016 173.
2197 2985 2202 2990 “

476 3028 516 3071 †)
538 3027 598 3063 Ille
617 3026 767 3063 Olestron
790 3027 834 3062 ab
855 3027 1036 3063 Aristotele
1055 3028 1091 3063 in
1111 3038 1243 3064 muscae
1262 3028 1402 3064 formam
1423 3029 1578 3065 redactus
1598 3030 1632 3065 in
1655 3033 1769 3067 annuli
1790 3035 1995 3072 carbunculo
2017 3044 2091 3073 arte
2119 3044 2246 3085 magica
2267 3048 2414 3086 induam

344 3094 419 3119 esse
439 3084 644 3118 credebatur.
686 3082 789 3116 Simili
816 3081 912 3115 modo
941 3081 1061 3116 Petrus
1083 3083 1238 3125 Abanus,
1269 3084 1326 3128 qui
1347 3089 1382 3119 et
1404 3085 1475 3129 ipse
1503 3085 1545 3119 de
1572 3087 1682 3129 magia
1712 3094 1885 3133 suspectus
1917 3098 2010 3136 erat,
2039 3104 2104 3130 sec.
2129 3096 2212 3132 XIII
2241 3109 2262 3133 a
2290 3109 2419 3148 septem

2178 3169 2229 3202 4&
