2781 3609
393 497 499 552 stet,
526 502 687 557 ignarus
726 500 937 554 serpentis.
958 498 1035 551 qui
1057 493 1305 538 domicilium
1336 490 1498 532 ibidem·
1521 488 1708 542 elegerat.
1761 485 2004 528 Dormientis

390 556 554 617 insedit,
593 570 723 609 custos
755 565 862 605 vitae
886 562 991 603 tenti
1015 558 1196 611 hospitis.
1221 562 1226 596 J
1257 556 1363 596 Dum
1388 553 1497 595 enim
1520 564 1565 591 os
1587 555 1726 602 patens
1749 549 1977 600 philosophi
2012 548 2095 588 iam
2127 546 2393 587 semiexcitati
2414 549 2458 586 et

386 633 675 687 -diquanfisper
707 631 839 681 adhuc
872 627 1001 671 somni
1028 623 1192 668 deliciis
1219 620 1433 673 torpentis,
1468 629 1631 668 serpens
1660 615 1810 655 intrare
1849 614 2074 661 moliretur,
2117 611 2251 668 culex³
2266 611 2458 654 acerrime

390 698 547 742 labrum
557 710 736 753 pungens
749 696 954 738 λιιι-σηοω
967 705 994 745 a
1010 701 1149 732 somno
1164 697 1326 740 prorsus
1341 678 1529 724 excitavit
1548 681 1590 719 et
1605 677 1687 725 hic,
1714 689 1837 717 manu
1856 675 2040 717 velociter
2057 674 2251 722 adducta,
2269 674 2456 716 liberato-

390 778 486 815 rem,
508 765 574 806 cui
598 760 721 805 vitam
746 761 902 808 debuit,
929 756 1086 799 nescius
1109 751 1323 795 interemit.
1360 743 1561 789 Beneficio
1576 742 1713 793 itaque
1733 753 1872 781 manus
1893 754 1937 781 os
1953 741 2175 794 obtegentis
2196 741 2378 782 exclusus
2394 745 2457 782 eet

390 830 517 871 hostis
531 832 575 871 et
602 828 740 870 eadem
761 826 1002 878 peremptus.
1053 819 1276 862 Adros-tens
1300 817 1436 865 autem
1454 808 1653 862 *gloriosus
1677 810 1812 847 vatum
1836 819 1939 858 apex
1963 819 2005 847 se
2019 811 2335 848 conservatorem
2357 807 2465 847 vitae

391 907 487 936 sune
509 892 600 943 neci
621 891 797 940 dedisse,
820 890 983 931 manum
1004 883 1210 937 propriam
1234 877 1395 925 sceleris
1406 873 1559 927 arguit.
1586 875 1628 913 et
1647 870 1743 911 dum
1755 870 1925 911 feliciter
1948 883 1974 910 a
1997 863 2120 912 culice
2135 885 2176 912 se
2190 876 2468 913 conservatum

394 957 672 1011 deprehendit,
696 955 897 997 infelicem
921 965 965 993 se
990 950 1035 991 in
1058 960 1156 990 nece
1182 942 1356 987 custodis
1382 940 1445 982 sui
1461 936 1625 979 censuit.
1680 936 1853 977 Honoris
1866 938 2000 977 autem
2018 938 2188 989 gratiam
2201 951 2320 991 quam
2340 939 2475 989 potuit

396 1023 513 1065 culici
537 1035 608 1064 suo
629 1019 782 1068 retulit,
815 1017 912 1058 dum
944 1014 1077 1066 ipsum
1099 1011 1145 1052 in
1167 1008 1255 1050 loco
1278 1004 1470 1047 ,delicioso
1493 999 1676 1043 recondit
1701 1000 1761 1049 et,
1797 1000 2046 1052 epitaphium
2070 1002 2220 1051 nobile,
2260 1004 2472 1045 materiam

395 1091 556 1131 eventus
585 1085 808 1133 continens,
833 1081 878 1123 in
902 1078 1063 1122 laudem
1085 1075 1170 1119 eius
1195 1068 1441 1123 conscripsit.
1493 1065 1619 1107 Immo
1646 1068 1686 1131 et
1711 1065 1893 1108 libellum
1918 1065 2065 1115 edidit,
2088 1080 2205 1119 quem
2221 1068 2300 1116 „De
2324 1069 2473 1112 culice“

395 1155 614 1207 inscripsit3
649 1154 813 1196 matura
826 1158 997 1199 namque
1020 1146 1194 1196 pectora·
1209 1138 1325 1181 seriis
1354 1134 1511 1176 ludicra
1541 1130 1778 1172 interserere
1814 1134 1981 1179 norunt,
2014 1133 2267 1173 recreationis
2302 1135 2467 1187 gratia!

398 1222 497 1262 Tum
521 1220 614 1262 huic
638 1214 824 1259 relationi
848 1211 978 1260 addit,
1001 1221 1135 1250 raram
1159 1203 1322 1258 quidem
1346 1199 1468 1241 fidem
1491 1197 1748 1238 historiarum
1774 1210 1858 1238 esse
1885 1199 1926 1238 et
1951 1210 2056 1245 rem,
2091 1198 2250 1249 qualem
2275 1199 2317 1238 in
2343 1199 2469 1251 ipsius

398 1286 558 1339 Virgilii
579 1284 684 1325 libro
707 1275 951 1332 inspiciendo
978 1287 1029 1315 ex
1052 1273 1171 1325 perte
1186 1270 1382 1310 mutatam
1393 1261 1609 1316 repererit,
1635 1261 1849 1303 lectoribus
1869 1261 2061 1313 explicat,
2082 1261 2272 1315 denique,
2287 1264 2469 1314 apposita

397 1348 696 1405 „adaptatione“
721 1344 747 1383 i.
774 1356 809 1384 e.
835 1337 1049 1392 allegorica
1078 1332 1237 1376 fabulae
1268 1325 1604 1379 interpretatione
1630 1327 1774 1379 (qualis
1799 1327 1844 1367 in
1878 1327 2001 1379 gestis
2026 1326 2215 1369 Romanis
2253 1331 2472 1371 mor-almath

397 1415 479 1456 dici
504 1413 620 1465 solet)
658 1410 883 1461 serpentem
908 1407 954 1445 ut
975 1406 1115 1456 typum
1141 1397 1316 1451 plurium
1339 1400 1491 1441 rerum,
1530 1392 1629 1447 quin
1655 1391 1803 1434 Christi
1835 1393 1976 1446 ipsius,
2013 1392 2284 1437 demonstrare
2328 1397 2472 1440 studet,

508 1482 601 1533 Cap.
633 1482 729 1521 1742
754 1477 835 1527 „De
859 1473 966 1521 locis,
992 1472 1036 1512 in
1060 1468 1206 1523 quibus
1230 1468 1339 1507 artes
1362 1460 1583 1502 floruerunt
1607 1457 1804 1499 liberales.
1841 1457 2060 1514 Mantuano
2084 1460 2165 1499 vati
2191 1461 2351 1502 servivit
2375 1462 2491 1504 Nea-.

400 1549 521 1601 polis,
541 1559 643 1599 quae
669 1556 759 1584 cum
774 1539 1024 1581 infinitarum
1047 1534 1359 1585 ennumquam
1385 1530 1499 1579 peste
1533 1523 1674 1566 lethali
1702 1527 1925 1579 venaretur,
1963 1524 2135 1566 liberata
2165 1530 2227 1566 est
2252 1528 2429 1577 proiecta
2453 1542 2480 1569 a

402 1606 565 1654 Marone
590 1609 635 1649 in
660 1604 826 1658 fundum
851 1599 962 1653 putei
993 1595 1181 1639 hirudine
1215 1603 1349 1633 aurea
1408 1589 1497 1638 Qua
1532 1587 1698 1631 evolutis
1734 1588 1950 1629 multorum
1987 1602 2179 1630 annorum
2214 1592 2420 1633 curriculis
2454 1606 2481 1634 a

403 1680 524 1730 puteo
550 1672 740 1716 mundato
765 1671 807 1710 et
834 1664 1044 1709 eruderato
1063 1660 1261 1706 extracta,
1286 1655 1457 1708 replevit
1481 1651 1661 1694 infinitus
1689 1652 1920 1694 hirudinum
1945 1654 2141 1695 exercitus
2167 1654 2386 1706 civitatem,
2409 1671 2483 1699 nec

403 1744 541 1786 sedata
565 1743 626 1783 est
650 1737 791 1790 pestis,
815 1736 1029 1784 antequam
1055 1725 1294 1779 sanguisuga
1315 1734 1439 1764 aurea
1461 1720 1609 1763 iterato
1635 1719 1680 1760 in
1697 1723 1861 1770 puteum
1887 1733 2002 1760 suum
2022 1721 2257 1763 mitteretur.
2272 1722 2483 1764 —Notum

399 1808 466 1849 est
491 1806 629 1853 etiam,
655 1801 750 1855 quia
773 1799 964 1839 macellum
980 1791 1285 1844 Neapolitanum
1310 1801 1450 1829 carnes
1473 1787 1634 1827 illaesas
1659 1799 1685 1826 a
1712 1786 1963 1837 corruptione
1981 1786 2050 1826 diu
2071 1801 2226 1828 servare
2246 1802 2326 1829 non
2343 1791 2482 1840 potuit,

404 1868 508 1912 unde
534 1870 576 1909 et
600 1861 804 1907 carnifices
827 1869 981 1901 summa
1005 1853 1136 1897 vexati
1160 1854 1254 1894 sunt
1278 1845 1424 1892 inedia.
1477 1848 1557 1891 Sed
1589 1851 1694 1892 hanc
1730 1850 2095 1893 incommoditatem
2134 1853 2289 1904 excepit
2323 1853 2485 1908 Virgilii

408 1932 643 1986 prudentia„
661 1939 820 1969 carnem
835 1923 969 1965 nescio
982 1933 1062 1973 qua
1075 1919 1115 1959 vi
1141 1916 1358 1959 herbarum
1370 1913 1574 1958 conditam
1590 1915 1633 1955 in
1647 1915 1812 1957 macello
1826 1916 2068 1957 recludentis
2077 1948 2086 1964 ,
2113 1930 2213 1968 quae
2229 1949 2237 1966 ,
2257 1919 2486 1971 quingenti„

404 2001 520 2044 annis
545 1995 727 2048 relapsis,-
750 1989 1022 2033 recentissima
1051 1988 1093 2027 et
1116 1982 1268 2036 saporis
1293 1979 1435 2031 optimi
1458 1979 1653 2020 suavitate
1679 1979 2002 2021 commendabilis
2030 1985 2191 2032 reperta
2216 1986 2283 2022 est
2313 2006 2364 2012 —
2379 1982 2486 2031 Quid

406 2066 512 2120 quod
535 2064 664 2105 dictus
689 2061 800 2100 vates
823 2059 969 2097 hoo-tum
994 2064 1128 2099 suum,
1153 2051 1245 2090 aere
1271 2048 1467 2089 immobili
1492 2048 1620 2101 vicem
1648 2050 1753 2090 muri
1780 2049 1985 2091 obtinente
2012 2050 2182 2091 munivit
2216 2054 2258 2091 et
2290 2051 2484 2094 ambivit?

406 2131 510 2183 Quid
536 2128 644 2183 quod
661 2128 824 2179 pontem
849 2120 1002 2170 aerium
1027 2114 1256 2163 construxit,
1282 2113 1393 2154 cuius
1417 2112 1612 2155 beneficio
1638 2115 1726 2155 loca
1747 2115 1949 2156 destinata
1972 2128 2045 2166 pro
2073 2116 2244 2156 arbitrio
2271 2116 2488 2157 voluntatis

410 2211 504 2238 suae
529 2195 640 2236 adire
666 2188 895 2237 consuevit?
910 2185 1123 2225 —Romae
1147 2181 1246 2221 item
1270 2179 1491 2220 construxit
1517 2181 1662 2222 nobile·
1671 2185 1880 2233 palatium,
1908 2183 1952 2222 in
1979 2196 2058 2234 quo
2085 2183 2294 2223 cuiuslibet
2316 2185 2489 2236 regionis

407 2261 539 2313 imago
563 2257 697 2311 lignea
722 2262 931 2304 campanam
954 2258 1075 2288 manu
1096 2242 1269 2286 tenebat
1320 2241 1511 2290 Quotiens
1538 2257 1631 2286 vero
1655 2245 1793 2299 aliqua
1805 2246 1915 2300 regio
1930 2247 2130 2291 maiestati
2141 2247 2306 2288 Romani
2327 2248 2484 2301 imperii

409 2324 573 2366 insidias
594 2319 726 2381 moliri
749 2329 845 2357 ausa
870 2318 949 2361 est,
975 2313 1019 2352 in
1044 2309 1263 2353 continenti
1289 2307 1637 2362 proditricisicon
1670 2313 1949 2362 campanulam
1987 2313 2146 2362 pulsare
2175 2314 2315 2363 coepit.
2370 2317 2486 2355 Μαα

409 2400 673 2432 veromente,
699 2395 801 2434 equo
826 2379 1002 2420 insidens
1024 2388 1165 2422 aeneo,
1190 2374 1234 2413 in
1257 2372 1480 2413 summitate
1506 2372 1662 2426 fastigii
1681 2375 1877 2425 praedicti
1906 2377 2047 2426 palatii
2073 2378 2228 2418 hastam
2249 2378 2428 2426 vibrans,
2442 2381 2487 2419 in

410 2454 523 2497 illam
547 2465 589 2494 se
613 2447 734 2492 vertit
757 2446 930 2499 partem,
957 2453 1059 2495 quae
1083 2438 1282 2493 regionem
1320 2433 1431 2476 illam
1467 2436 1717 2487 respiciebat.
1780 2438 2038 2491 Praeparavit
2070 2440 2193 2494 igitur
2228 2441 2411 2493 expedite
2442 2456 2487 2486 ω

410 2521 508 2562 felix
532 2516 686 2560 embola
713 2514 892 2553 Romana
914 2510 1114 2554 iuventus,
1141 2518 1167 2546 a
1192 2501 1439 2544 senatoribus
1465 2505 1508 2542 et
1527 2503 1709 2553 patribus
1735 2505 1968 2555 conscriptis
1993 2506 2037 2545 in
2064 2506 2197 2546 hostes
2221 2505 2379 2558 imperii
2404 2509 2486 2550 ΒΟ-

412 2587 520 2630 mani
542 2585 710 2629 directa,
735 2583 782 2620 ut
806 2591 887 2619 non
912 2576 1040 2618 solum
1066 2572 1224 2615 &audes
1242 2572 1500 2624 praeparatas
1517 2568 1755 2617 declinaret,
1773 2569 1855 2610 ‘sed
1875 2571 2001 2612 etiam
2018 2571 2061 2611 in
2078 2575 2235 2613 autores
2250 2574 2493 2616 temeritatis

412 2649 753 2695 animadverteret.
804 2641 1014 2691 Quaesitus
1036 2641 1170 2681 autem
1195 2639 1304 2677 vates
1327 2635 1537 2688 gloriosus,
1565 2635 1755 2688 quamdiu
1781 2649 1806 2676 a
1830 2635 1908 2677 diis
1931 2636 2243 2678 conservandum
2267 2642 2374 2680 esset
2391 2640 2493 2682 illud

414 2719 545 2762 nobile
580 2713 821 2760 aedificium,
857 2708 1095 2762 respondere
1129 2704 1348 2746 consuevitz
1387 2704 1542 2752 „Stabit
1574 2715 1698 2753 usque
1735 2701 1831 2741 dum
1863 2702 1996 2753 pariat
2030 2703 2174 2755 virgot
2238 2702 2326 2743 Hoc
2358 2708 2494 2747 autem

415 2785 638 2829 audientes,
660 2777 896 2831 philosopho
922 2772 1223 2827 applaudentes,
1249 2770 1455 2814 dicebant:
1509 2769 1662 2824 „igitur
1688 2769 1731 2808 in
1758 2772 1964 2810 aeternum
1990 2771 2154 2813 stabitne
2207 2770 2257 2811 In
2283 2759 2494 2816 mivime

404 2851 550 2894 ‚autem
573 2840 786 2885 Salvatoris
809 2838 936 2880 fertur
961 2835 1068 2876 <licta
1093 2833 1232 2874 domus
1256 2830 1396 2873 inclita
1422 2832 1596 2885 subitam
1620 2832 1758 2873 fecisse
1786 2834 1978 2875 ruinam.“

523 2911 738 2952 Gnaeum-ius
764 2906 961 2957 Barbium,
985 2901 1056 2953 qui
1082 2900 1312 2951 plerumque
1347 2897 1399 2938 ad
1435 2898 1600 2939 verbum
1637 2897 1875 2938 Neccamum
1907 2891 2138 2950 descripsit,
2174 2899 2274 2940 haec
2302 2900 2426 2942 habet
2448 2902 2493 2942 i„

417 2978 502 3021 vita
521 2971 843 3029 philosophorum
867 2967 934 3010 fol.
962 2963 1141 3008 XXXV:
1176 2949 1274 3013 „liic
1299 2960 1550 3014 philosophia
1573 2958 1747 3001 naturali
1783 2958 1990 3012 praeditus
2027 2960 2151 3001 etiam
2182 2962 2498 3004 necromanticus

420 3043 499 3086 fuit
522 3045 564 3085 et
587 3038 691 3080 mira
712 3034 882 3100 quadam
904 3036 989 3075 arte
1015 3031 1086 3074 ille
1111 3030 1249 3073 fecisse
1272 3031 1469 3072 narratur.
1510 3028 1560 3070 In
1585 3029 1702 3077 porta
1718 3023 1905 3077 Neapolis
1925 3024 2167 3078 Campaniae
2193 3025 2339 3067 dicitur
2355 3025 2496 3073 sedne

2257 3104 2305 3137 2·
