2781 3609
2399 384 2454 424 25

372 492 494 538 supra
527 484 724 535 laudatus,
764 497 790 526 a
815 483 991 542 Villanio
1026 481 1252 532 discedens,
1282 480 1424 530 refert,
1462 494 1553 523 eum
1586 477 1724 526 eddem
1757 485 1842 527 loco
1876 485 2015 535 fnisse,
2051 484 2122 526 ubi
2158 496 2264 525 nnnc
2296 485 2455 539 „Poyyio

375 552 579 611 Roazeg‘et
616 553 719 594 muri
757 552 881 593 diruti
904 544 1055 602 'palatii
1088 541 1286 592 vetustate
1325 549 1490 601 collapsi
1514 550 1726 601 supersint,
1761 551 1866 603 quod
1901 552 2007 592 olim'
2033 550 2179 591 misera
2213 549 2285 590 illa
2310 550 2450 603 regina

375 609 554 660 Iohanna
581 616 623 674 (†
651 617 773 673 1381)
800 614 1105 664 inhabitaverit,
1130 618 1172 656 et
1196 614 1328 667 addit,
1366 605 1478 659 hunc·
1508 621 1682 660 montem
1705 620 1917 661 secundum
1943 619 2147 674 vulgarem
2175 617 2403 671 opinionem
2428 633 2452 661 e

374 683 541 739 Virgilio
568 685 713 726 nomen
739 681 928 735 adeptum
955 681 1061 727 esset
1075 676 1170 722 'illic
1192 681 1312 724 'hodie
1343 697 1428 725 esse
1455 683 1595 725 aedem
1622 696 1774 724 sacram
1788 683 1951 726 Divinae
1966 674 2166 738 Virginis,
2194 696 2286 724 cum
2299 682 2453 736 ingenti

373 743 466 793 eius
482 751 711 797 simulacro,
742 748 849 800 quod
884 746 1103 798 extemplo,
1135 747 1172 786 'si
1197 747 1286 798 quis
1312 743 1451 787 aedem
1478 760 1568 787 cum
1593 760 1710 786 carne
1735 747 1798 786 vel
1825 746 1940 796 adipe
1967 747 2195 794 intraverit,
2231 745 2455 786 terribilem

376 817 595 860 tonitruum
631 815 909 873 tempestatem
944 811 1125 874 concitet.
1186 810 1299 852 Addo
1328 810 1434 865 quod
1461 810 1630 852 Rothius
1655 810 1680 851 L
1706 811 1732 852 l.
1760 824 1796 863 p.
1825 813 1902 854 266
1941 825 1989 852 ex
2023 815 2152 853 vetere
2180 807 2451 864 manuscripto

374 882 495 924 seculi
516 880 619 921 XIII
652 877 835 919 Bollandi
871 876 981 916 Actis
1022 874 1255 916 Sanctorum
1290 876 1439 916 inserto
1480 875 1635 915 hausit:
1690 875 1968 927 „Nuncupatur
2005 889 2115 916 mons
2140 876 2388 930 virgilianus
2425 888 2452 917 a.

373 945 610 1000 quibusdam
637 942 823 994 operibus
849 943 891 980 et
916 939 1105 989 maleficiis?
1119 937 1279 990 Virgilii
1294 939 1512 981 Mantuani.
1569 939 1850 981 Construxerat
1877 941 1983 980 enim
2011 941 2075 980 hic
2099 944 2279 992 maleficus
2306 945 2445 983 daemo-

374 1025 463 1052 num
489 1011 605 1051 cultor
629 1016 765 1049 eorum
790 1018 863 1057 ope
893 1003 1095 1045 hortulum
1120 1003 1315 1056 quendam
1344 1002 1450 1044 omni
1476 1016 1619 1056 genere
1648 1005 1861 1046 herbarum
1884 1005 2035 1045 cunctis
2062 1004 2198 1046 diebus
2223 1011 2263 1048 et
2287 1011 2443 1060 tempo-

371 1075 499 1123 ribus,
527 1073 695 1114 marime
721 1082 814 1110 vero
841 1069 1012 1117 aestatis,
1038 1068 1260 1119 pollentem,
1289 1081 1457 1121 quarum
1484 1069 1649 1110 virtutes
1678 1073 1716 1110 in
1741 1071 1847 1121 foliis
1863 1074 2020 1123 scriptas
2046 1071 2217 1124 reliquit.
2263 1073 2450 1115 Monachi

375 1130 556 1193 quidam,
578 1132 715 1178 nostra
737 1134 815 1174 fide
842 1133 952 1185 digni
978 1133 1139 1181 fmtres,
1156 1133 1225 1184 qui
1246 1131 1493 1183 praedictum
1518 1129 1692 1174 mentem
1717 1135 2006 1182 inhabitamre,
2036 1138 2184 1186 apertis
2203 1132 2360 1178 vocibus
2386 1142 2449 1180 te-

377 1207 540 1253 stantur,
554 1213 671 1252 saepe
684 1211 777 1240 casu
796 1197 839 1237 in
855 1196 1100 1248 praedictum
1117 1199 1290 1237 montem
1307 1194 1561 1237 ascendentes
1572 1209 1613 1238 se
1629 1211 1707 1238 non
1722 1198 1853 1248 semel,
1861 1198 1955 1239 dum
1971 1212 2043 1251 per
2058 1200 2150 1253 iuga
2159 1202 2301 1242 montis
2315 1202 2448 1245 solatii

377 1267 496 1311 causa
522 1269 720 1313 errarent,
747 1263 1003 1304 nihilominus
1029 1263 1136 1303 intra
1163 1255 1321 1302 hortum
1346 1261 1463 1300 huius
1490 1261 1597 1301 modi
1624 1264 1680 1303 sic
1707 1263 1902 1305 maleficio
1929 1262 2090 1306 affectos
2117 1279 2219 1316 esse,
2247 1271 2291 1307 ut
2314 1276 2356 1310 s'e
2378 1283 2453 1311 nec

374 1335 519 1377 herbas
546 1336 708 1385 tangere
735 1329 923 1377 valuisse,
952 1341 1025 1369 nec
1050 1340 1130 1379 qua
1156 1326 1220 1367 via
1246 1326 1338 1367 inde
1366 1331 1533 1379 regressi
1560 1330 1657 1378 sint,
1687 1331 1914 1382 cognovisse
1939 1331 2182 1373 retulerint.“
2235 1332 2308 1381 Ille
2336 1348 2447 1376 mons

375 1402 418 1442 in
443 1402 536 1453 iugo
562 1399 745 1439 Taburno
775 1397 918 1445 (Βοσοα
945 1396 1123 1445 Raz’nola)
1149 1394 1398 1445 praeminens
1427 1394 1621 1446 hodieque
1647 1395 1968 1447 peregrinatione
1994 1408 2106 1435 sacra
2132 1409 2157 1436 a
2177 1396 2449 1449 Neapolitanis

373 1479 490 1518 saepe
515 1465 708 1505 visitatur.
2111 1464 2117 1469 “

486 1529 589 1570 Sane
616 1528 761 1568 mirum
796 1525 935 1566 fuisset
967 1527 1018 1566 et'
1034 1523 1253 1572 insolitum,
1288 1525 1321 1564 si
1357 1523 1675 1564 comminiscendi
1701 1523 1877 1573 luxuria,
1904 1540 2004 1578 quae
2031 1527 2121 1567 illos
2148 1529 2303 1580 mythos
2326 1532 2448 1585 finge-

382 1598 477 1647 bat,
502 1597 608 1637 inter
634 1594 714 1636 alia
728 1605 849 1644 opera
859 1623 868 1641 ‚
886 1590 1012 1644 magis
1038 1590 1268 1643 plerumque
1282 1589 1520 1638 communia,
1547 1589 1667 1629 etiam
1682 1589 1842 1631 hortum
1855 1591 2189 1635 incantationibus
2203 1600 2244 1637 et
2259 1596 2454 1640 bonorum

384 1661 623 1701 malorumve
650 1658 885 1697 daemonum
913 1667 987 1705 ope
1014 1657 1247 1693 exornatum
1272 1653 1413 1693 ceteris
1440 1653 1520 1692 illis
1546 1655 1746 1695 miraculis
1769 1669 1849 1696 non
1874 1657 2099 1699 addidisset.
2135 1660 2292 1700 Etenim
2314 1662 2451 1704 hortos

380 1725 582 1767 mirabiles
608 1724 651 1763 in
677 1718 881 1762 hominum
909 1719 1151 1772 magicorum
1178 1717 1397 1770 propinquo
1423 1731 1538 1769 saepe
1566 1719 1811 1763 offendimus.
1867 1721 1967 1762 Nolo
1990 1723 2040 1763 de
2057 1723 2242 1774 Calypsus
2265 1729 2306 1765 et
2322 1725 2454 1768 Circes

378 1792 521 1839 hortis,
561 1789 624 1830 vel
656 1788 704 1828 de
734 1784 919 1826 Armidae
956 1783 1025 1823 illo
1062 1782 1387 1831 celebratissimO,
1422 1796 1522 1835 quae
1546 1789 1641 1826 nota
1665 1790 1758 1826 sunt
1793 1791 1986 1838 repetere.
2060 1788 2192 1829 Etiam
2225 1789 2274 1831 de
2304 1792 2454 1833 Alberto

379 1861 530 1912 Muqao,
558 1856 626 1910 qui
652 1854 759 1906 apud
783 1854 980 1892 nostrates
995 1850 1148 1903 magiae
1175 1849 1281 1890 fama
1307 1853 1399 1889 ante
1424 1849 1628 1890 Faustium
1656 1852 1827 1893 maxime
1855 1851 2004 1901 floruit,
2034 1854 2179 1894 similia
2203 1855 2453 1897 circumfere-

376 1925 536 1971 bantur,
574 1921 642 1962 sed
676 1933 723 1960 ea
757 1918 883 1970 magis
917 1915 1167 1968 prodigiosae
1203 1928 1322 1966 quam
1360 1916 1542 1956 salutaris
1568 1919 1724 1959 indolis.
1779 1920 1875 1967 Qui,
1893 1926 1895 1930 ’
1912 1934 2001 1959 cum
2027 1934 2131 1960 anno
2159 1924 2257 1962 1248
2286 1922 2451 1962 solemni

376 1990 625 2044 Epiphaniae
660 1987 724 2028 die
772 2000 844 2027 rex
869 1983 1102 2027 Guilielmus
1139 1982 1339 2024 Coloniam
1373 1981 1631 2037 Agrippinam
1671 1983 1859 2033 venisset,
1903 1985 2009 2026 hunc
2051 1986 2094 2025 in
2140 1986 2298 2027 hortum
2338 2001 2453 2028 suum

374 2069 497 2108 prope
523 2050 803 2095 monasterium
827 2051 1146 2103 praedicatorum
1170 2049 1354 2089 invitasse
1373 2047 1517 2088 dicitur
1538 2050 1598 2096 et,
1623 2049 1803 2099 quamvis
1826 2048 1927 2090 forte
1955 2050 2190 2091 acerrimum
2208 2051 2330 2105 frigus
2352 2054 2452 2095 inci-

376 2121 500 2161 disset
525 2123 566 2160 et
592 2130 736 2170 magna
761 2116 910 2160 nivium
936 2114 1059 2154 moles
1084 2113 1217 2171 omnia
1243 2112 1497 2160 contexisset,
1533 2115 1668 2153 tamen
1707 2127 1779 2154 rex
1815 2128 1905 2154 cum
1940 2115 2176 2156 satellitibus
2207 2119 2286 2159 suis
2313 2120 2454 2161 aulicis

378 2186 502 2226 mirae
527 2183 596 2224 isti
621 2180 845 2222 invitationi
873 2179 1082 2220 obsecutus
1110 2182 1170 2219 est
1183 2181 1243 2227 et,
1267 2183 1474 2231 postquam
1496 2179 1727 2221 assederunt
1755 2185 1795 2222 et
1811 2181 1934 2233 dapes
1956 2184 2160 2234 appositae
2188 2190 2297 2233 sunt,
2321 2188 2453 2229 subito

339 2259 341 2261 ’
376 2243 510 2292 omnia
534 2248 746 2295 virescere,
782 2244 934 2285 coelum
961 2242 1137 2284 serenari
1164 2246 1205 2283 et
1231 2241 1289 2282 sol
1313 2243 1481 2284 aestivus
1494 2242 1667 2300 suaviter
1681 2243 1887 2295 splendere
1912 2245 2077 2296 incepit,
2103 2245 2243 2296 donec,
2271 2240 2448 2291 coiivivio

375 2318 507 2364 finito,
529 2314 726 2366 extemplo
753 2312 887 2352 omnia
913 2324 1049 2350 rursus
1075 2311 1119 2349 in
1145 2309 1317 2360 priorem
1343 2309 1554 2349 hiemalem
1573 2309 1849 2349 conditionem
1874 2324 2063 2351 conversa
2089 2317 2190 2354 sunt.

480 2380 642 2432 Opinio,
668 2377 915 2428 tempestatis
941 2377 1022 2416 vim
1047 2388 1193 2416 areana
1216 2371 1385 2425 quadam
1414 2374 1500 2411 arte
1520 2370 1650 2422 frangi
1665 2371 1730 2411 vel
1748 2372 1874 2412 averti
1901 2386 2034 2423 posse,
2061 2374 2141 2413 iam
2168 2375 2274 2426 apud
2301 2381 2455 2418 veteres

340 2432 345 2437 .
374 2450 582 2503 reperitur·
635 2445 783 2487 Seneca
806 2444 849 2484 in
875 2446 1026 2496 quaest,
1053 2445 1183 2484 natur.
1208 2439 1274 2489 IV,
1295 2443 1317 2480 7
1347 2434 1589 2478 carminibus
1614 2435 1741 2476 nubes
1768 2449 1814 2476 ac
1841 2441 1977 2478 ventos
2005 2431 2152 2490 depelli
2180 2453 2293 2491 posse
2318 2448 2449 2496 negat,

373 2514 552 2568 quamvis
577 2510 694 2551 multi
716 2509 791 2548 hoc
817 2507 992 2548 credant.
1045 2505 1158 2546 Idem
1185 2501 1439 2554 Empedocles
1466 2498 1681 2547 secundum
1709 2500 1925 2553 DiOgenem
1952 2503 2152 2543 [affifium
2177 2518 2217 2544 se
2246 2506 2458 2549 doenum

317 2563 321 2568 ’
375 2593 459 2621 egge
495 2574 686 2629 promisit,
749 2572 960 2613 Praeterea
998 2570 1179 2612 Cleonaei
1213 2562 1570 2620 χαλαζοφύλακες,
1606 2560 1750 2617 Iustim'
1787 2563 1973 2616 Martyris
2010 2566 2355 2619 νεφελοδιῶκται,
2390 2584 2458 2612 ars

375 2640 613 2686 excantandi
639 2639 771 2691 fruges
797 2637 840 2677 in
867 2636 947 2677 XII
973 2636 1121 2677 tabulis
1149 2631 1466 2692 epmmemorata‚
1494 2627 1620 2669 multa
1644 2628 1741 2677 alia,
1779 2642 1879 2681 quae
1906 2629 2046 2682 Paully
2072 2630 2115 2670 in
2142 2630 2286 2673 Lexico
2314 2634 2388 2676 sub
2415 2649 2453 2678 v,

375 2707 508 2762 Magia
533 2704 705 2757 profert,
733 2703 811 2744 huc
838 2702 1051 2753 pertinent.
1106 2698 1383 2752 Superstitiosa
1405 2707 1498 2734 vero
1526 2698 1665 2734 statuae
1692 2694 1816 2743 ficti0‚
1846 2709 1965 2748 quam
1981 2695 2171 2748 Virgilius
2196 2697 2239 2737 in
2252 2698 2322 2739 illo
2336 2699 2456 2743 horto

376 2779 447 2817 aut
471 2771 683 2814 secundum
707 2770 806 2809 alios
833 2769 1023 2809 remotius
1050 2768 1101 2808 ab
1128 2767 1226 2806 urbe
1252 2779 1273 2805 e
1299 2763 1458 2814 regione
1473 2759 1635 2799 Vesuvii
1659 2760 1702 2798 in
1727 2761 1825 2801 colle
1853 2761 2024 2812 quodam
2040 2763 2209 2808 (Somma
2221 2769 2261 2814 Ξ)
2283 2767 2457 2808 erexisse

376 2839 534 2883 dicebat
589 2869 597 2886 ‚
633 2839 679 2876 ut
705 2834 856 2876 cineres
880 2836 920 2874 et
959 2832 1120 2875 ardores
1154 2830 1246 2872 inde
1282 2838 1404 2879 usque
1438 2823 1490 2865 ad
1529 2823 1658 2874 ipsam
1694 2823 1832 2866 urbem
1872 2828 2127 2876 penetrantes
2154 2832 2311 2871 arceret
2336 2835 2457 2885 atque

376 2905 437 2946 ita
462 2906 503 2945 et
525 2914 562 2942 οι
600 2912 668 2940 um
693 2896 912 2938 valetudini
940 2899 981 2937 et
1006 2894 1163 2949 frugum
1189 2892 1431 2934 incremento
1458 2888 1577 2927 simul
1603 2889 1865 2940 prospiceret,
1891 2890 2013 2931 etiam
2030 2891 2074 2930 in
2090 2893 2250 2933 Villanii
2262 2893 2457 2939 Chronico

375 2984 409 3012 c.
436 2971 490 3010 23*
512 2967 647 3019 paucis
662 2963 833 3004 mutatis
858 2961 1073 3012 repetitur:
1102 2959 1318 3007 „Favonius
1350 2956 1524 2997 arbustis
1563 2957 1917 3006 perniciosissimus
1956 2963 2098 3000 ventus
2134 2961 2296 3003 ineunte
2323 2979 2456 3007 mense

378 3035 507 3090 Aprili
533 3033 629 3075 flare
655 3029 796 3083 incipit
821 3031 862 3069 et
880 3027 1052 3078 herbas,
1090 3025 1206 3067 flores
1232 3028 1466 3075 tenerosque
1493 3019 1679 3062 arborum
1705 3020 1856 3063 fructus
1888 3022 2005 3066 facile
2037 3027 2266 3078 corrumpit.
2327 3029 2458 3079 Quare

378 3104 551 3157 magnus
572 3101 681 3140 vates
709 3096 900 3138 aheneam
927 3091 1140 3146 imaginem
1168 3089 1355 3139 confecit,
1389 3090 1522 3131 fausta.
1557 3090 1753 3129 astrorum
1787 3090 2078 3142 coniunctione,
2112 3106 2213 3146 quae
2250 3094 2461 3139 buccinam

2246 3178 2266 3208 4
