2781 3609
346 334 397 372 to

455 437 644 487 „Constat
671 437 886 491 Virgilium
921 436 1028 477 inter
1060 442 1198 477 omnes
1234 435 1431 486 optimum
1469 432 1591 476 fuisse
1623 436 1792 485 poetam.
1860 431 2087 475 Macrobim
2108 433 2211 478 dim't
2233 451 2326 480 eum
2351 438 2442 480 nul-

350 501 431 545 lius
467 503 658 544 scientiae
695 503 817 544 fuisse
860 504 1065 553 expertem
1148 499 1348 540 Iuvenalis
1393 512 1487 540 eum
1522 498 1698 540 Homero
1741 499 1947 551 comparat
1985 497 2195 540 vicesimoz
2254 501 2444 546 conditor

350 566 502 608 Iliados
538 569 719 609 cantabit
756 571 875 619 atque
911 565 1089 605 Maronis
1130 565 1292 605 altisoni
1333 563 1497 604 dubiam
1539 562 1731 604 facientia
1774 564 1953 605 carmina
1992 562 2187 615 palmam,
2230 569 2307 609 cto.
2377 570 2441 611 Ab

346 632 424 673 hoc
448 632 622 686 Virgilio
660 634 786 674 multa
818 631 1007 672 dicuntur
1040 630 1242 671 mirabilia
1274 629 1462 670 actitata:
1510 629 1554 668 in
1584 632 1695 680 porta
1728 627 1917 680 Neapolis
1943 627 2180 682 Campaniae
2207 629 2359 673 dicitur
2380 634 2439 676 fe-

346 697 448 739 cisse
485 712 647 739 muscam
673 709 851 745 aeneam,
876 710 981 749 quae
1007 709 1143 737 omnes
1162 690 1323 736 ‘muscas
1348 693 1400 734 ab
1427 693 1527 734 urbe
1550 692 1788 744 expellebat.
1815 716 1870 724 -
1907 693 1957 734 In
1990 694 2130 736 eadem
2164 695 2263 737 urbe
2293 695 2441 741 dicim·

343 765 533 803 macellum
562 763 619 802 sic
647 761 925 808 construxisse,
952 765 998 801 ut
1018 761 1129 800 nulla·
1152 761 1211 801 ibi
1238 772 1331 800 caro
1358 761 1615 809 putresceret.
1641 780 1695 788 —·
1742 758 1902 798 Dicitur
1922 772 2079 812 quoque
2096 763 2296 813 mnipanile
2314 762 2439 814 quod-

347 824 440 866 dam
467 826 525 866 sic
553 826 837 873 construxisse,
864 830 910 866 ut
935 829 1056 866 tum-129
1080 829 1163 877 ἐμω
1186 825 1331 877 lapidea
1353 825 1473 863 eodem
1498 824 1600 863 modo
1624 826 1845 869 maaet-dm,
1872 835 1953 874 quo
1978 837 2196 877 campanae
2222 826 2439 878 compulsa-

354 892 520 933 bantur:
548 891 618 931 sed
645 891 722 931 hoc
749 904 886 932 verum
915 905 994 932 non
1019 890 1193 938 videtur,
1230 902 1319 930 cum
1353 900 1447 928 usus
1473 899 1755 939 campanarum
1793 886 1969 928 nondum
1999 889 2183 931 inventus
2206 895 2329 941 emet,
2362 891 2446 932 nisi

352 955 456 996 forte
481 970 572 996 usus
601 969 739 996 earum
765 957 878 1008 prius
903 956 1024 997 suerit
1047 954 1153 1006 apud
1177 966 1355 1007 paganos
1380 965 1501 1005 quam
1520 952 1634 1004 apud
1650 952 1904 994 christianos.
1959 950 2038 993 Sed
2069 956 2113 993 et
2136 956 2283 995 hortum
2316 969 2439 1009 quen—

346 1020 440 1062 dam
458 1022 514 1061 sic
529 1020 671 1062 fecisse
696 1021 854 1069 dicitur,
879 1026 925 1062 ut
950 1022 994 1062 in
1019 1035 1065 1062 eo
1092 1034 1174 1061 non
1198 1019 1365 1071 plueret.
1384 1041 1438 1047 -
1460 1016 1520 1058 De
1544 1018 1680 1058 belnae
1704 1030 1861 1070 quoque
1884 1017 1970 1058 eius
1995 1017 2248 1061 incredibilia
2272 1034 2436 1062 narran-

349 1089 428 1129 tur.
455 1089 509 1116 '—
564 1085 750 1129 Creditur
776 1087 896 1128 etiam
922 1102 948 1129 a
973 1085 1214 1140 quibusdam
1238 1084 1289 1126 ab
1316 1096 1364 1125 eo
1388 1082 1537 1125 factum
1562 1082 1665 1124 illud
1690 1082 1927 1125 miraculum
1962 1083 2069 1137 quod
2095 1083 2303 1127 dicebatur
2327 1087 2455 1146 sazai..

297 1192 301 1196 ,
349 1156 400 1193 tio
415 1154 565 1201 Romae,
594 1153 704 1205 quod
728 1154 834 1193 inter
859 1156 1011 1203 septem
1030 1145 1225 1192 miracula
1250 1150 1389 1191 mundi
1413 1150 1648 1203 plerumque
1674 1152 1847 1203 primum
1871 1155 2133 1203 computatur.
2186 1150 2286 1194 Erat
2306 1157 2441 1195 autem

350 1218 411 1259 ibi
439 1219 686 1259 consecratio
712 1222 952 1267 statuarum,
979 1232 1083 1270 quae
1108 1220 1264 1258 statuae
1289 1217 1441 1267 scripta
1463 1216 1625 1257 nomina
1650 1217 1694 1257 in
1719 1221 1880 1269 pectore
1906 1218 2054 1271 gentis,
2089 1220 2200 1258 cuius
2225 1217 2440 1270 imaginem

350 1283 553 1331 tenebant,
576 1283 804 1335 gestabant,
838 1286 881 1323 et
913 1282 1230 1324 tintinnabulum
1265 1283 1384 1323 unius
1408 1283 1598 1334 cuiusque
1632 1286 1786 1326 statuae
1822 1285 1923 1326 collo
1960 1284 2214 1336 appendebat
2247 1287 2439 1336 erantque

348 1350 575 1392 sacerdotes
601 1348 665 1388 die
694 1361 742 1388 ac
767 1351 885 1388 nocte
913 1361 1070 1400 semper
1093 1349 1321 1401 vigilantes,
1348 1349 1418 1400 qui
1443 1360 1523 1388 eas·
1546 1348 1824 1390 custodiebant
1854 1344 1902 1391 et
1918 1363 2020 1403 quae
2046 1363 2143 1403 gens
2175 1349 2220 1389 in
2252 1349 2434 1390 rebellio-

349 1428 444 1456 nem
482 1428 642 1467 surgere
678 1415 917 1461 conabatur,
955 1417 1093 1454 contra
1124 1413 1336 1464 imperium
1355 1413 1634 1462 Romanorum,
1662 1416 1797 1455 statua
1820 1415 1929 1456 illius
1945 1413 2264 1456 commovebatur
2290 1418 2332 1455 et
2355 1414 2433 1455 tin—

350 1480 601 1531 tinnabulum
624 1479 733 1520 illius
760 1480 995 1520 movebatur
1022 1479 1065 1518 in
1092 1478 1193 1519 collo
1221 1479 1304 1518 eius
1330 1480 1389 1526 et,
1415 1480 1462 1517 ut
1487 1477 1651 1529 quidam
1675 1477 1847 1527 addunt,
1874 1482 2007 1520 statua
2030 1479 2119 1530 ipsa
2145 1491 2236 1519 mox
2269 1478 2439 1532 digitum

345 1544 518 1586 indicem
546 1545 814 1602 protendebat
837 1557 971 1585 versus
996 1543 1108 1584 illam
1133 1546 1293 1596 gentem
1317 1546 1358 1584 et
1382 1555 1518 1583 versus
1544 1554 1690 1582 nomen
1715 1543 1842 1594 ipsius
1875 1544 2024 1596 gentis,
2065 1542 2171 1595 quod
2199 1543 2242 1583 in
2270 1557 2318 1584 ea
2351 1540 2441 1585 erat

345 1610 550 1661 scriptum.
605 1610 719 1659 Quod
753 1624 896 1651 nomen
923 1610 1113 1660 scriptum
1139 1602 1326 1649 continuo
1351 1607 1535 1649 sacerdos
1573 1607 1824 1659 principibus
1857 1607 2095 1659 deportabat
2130 1612 2173 1650 et
2195 1622 2289 1650 mox
2323 1623 2433 1651 exer-

348 1675 451 1716 citus
477 1675 528 1721 ad
558 1689 625 1717 eas
651 1681 789 1729 gentes
813 1674 1085 1728 reprimendas
1110 1675 1380 1717 mittebatur.“
1404 1697 1458 1704 -

455 1741 593 1794 Neque
609 1755 704 1782 vero
718 1741 877 1781 illorum
898 1741 1075 1793 aequalis
1085 1739 1374 1781 Alexander
1392 1736 1859 1790 Neccam(interdum=
1876 1737 2120 1792 Nequam)
2140 1738 2299 1780 silentio
2318 1752 2433 1791 prae—

347 1807 629 1847 termittendus
652 1810 723 1854 est,
737 1807 804 1858 qui
820 1820 924 1846 anno
943 1810 1042 1847 1157
1058 1806 1269 1847 Heresordi
1282 1806 1325 1844 in
1342 1805 1544 1845 Brittania
1564 1807 1692 1852 natus,
1720 1806 1811 1854 post
1825 1816 1848 1843 e
1868 1804 2108 1844 monasterio
2126 1803 2435 1857 Augustinorum

343 1883 576 1924 progressus
604 1871 768 1913 Parisiis
794 1886 828 1913 c.
856 1875 956 1915 ¹180
992 1872 1224 1924 disciplinas
1244 1869 1489 1924 theologicas
1515 1869 1685 1912 docebat
1710 1872 1751 1910 et
1776 1881 1882 1910 anno
1919 1871 2021 1911 1214
2047 1872 2225 1910 mortuus
2250 1872 2321 1911 est.
2372 1868 2435 1909 Ex

343 1949 424 1977 uno
450 1938 535 1977 eius
562 1950 736 1988 operum,
764 1951 866 1989 quae
893 1941 1030 1978 nostro
1055 1938 1214 1978 demum
1234 1941 1415 1987 tempore
1427 1936 1533 1988 typis
1560 1948 1748 1987 expressa
1762 1935 1908 1985 sunt*)‚
1925 1934 2029 1975 libro
2055 1934 2106 1976 de
2122 1934 2275 1975 natm-is
2300 1947 2433 1974 rerum

346 2001 459 2042 varia
485 2001 713 2054 Virgiliana
737 2004 780 2043 in
806 2004 975 2044 aliorum
1001 2003 1145 2044 horrea
1166 2002 1422 2043 transierunt.
1477 2000 1542 2042 Sic
1572 2001 1616 2041 in
1654 1999 1842 2042 chronico
1874 1999 2027 2041 urbano
2054 1999 2238 2049 Villanii,
2274 1998 2324 2040 de
2357 2008 2436 2052 quo

344 2066 451 2107 infra
478 2066 691 2109 dicendum
721 2070 809 2117 erit,
836 2070 878 2109 in
905 2083 955 2110 ea
976 2069 1206 2118 „Gestorum
1229 2068 1526 2109 Romanorum*
1544 2070 1670 2119 parte,
1698 2079 1801 2119 quae
1827 2065 2053 2118 germanico
2079 2077 2257 2107 sermone
2285 2065 2435 2120 scripta

348 2135 418 2180 est,
438 2133 560 2173 etiam
579 2134 622 2173 in
641 2133 883 2174 Gualteri
902 2133 1111 2175 Burlaei
1125 2133 1605 2188 (Burleigh),Oxoniensis
1622 2131 1810 2185 theologi,
1829 2140 1948 2182 opere
1968 2130 2157 2172 historico
2174 2144 2299 2185 eoque
2310 2131 2430 2173 raris-

346 2199 519 2248 simon),
545 2198 614 2249 qui
639 2210 745 2237 anno
768 2202 865 2239 1275
882 2205 1000 2240 natus
1014 2205 1055 2241 et
1067 2200 1232 2251 posthac
1259 2200 1331 2240 sub
1359 2200 1517 2239 nomine
1545 2199 1744 2247 „doctoris
1769 2197 1880 2255 plani
1908 2200 1948 2236 et
1972 2197 2193 2247 perspicui“
2209 2198 2433 2238 celebratus

347 2263 571 2317 principem
598 2264 752 2317 regium
780 2264 1010 2306 Eduardum
1039 2263 1132 2322 (ΙΙΙ)
1156 2264 1355 2313 educavit,
1383 2264 1525 2306 variae
1557 2262 1731 2305 fabellae
1760 2260 2003 2315 Virgilianae
2041 2260 2090 2303 de
2116 2260 2303 2304 Neccami
2330 2260 2435 2304 libro

345 2328 606 2386 depromptae
623 2330 890 2380 reperiuntur.
945 2330 1021 2378 Qui
1049 2334 1090 2371 et
1114 2331 1200 2381 ipse
1220 2329 1387 2381 Neapoli
1413 2332 1593 2370 <versatus
1617 2340 1703 2368 esse
1731 2325 1904 2373 videtur,
1931 2338 2020 2365 cum
2045 2330 2252 2383 asseveret,
2278 2340 2320 2368 se
2346 2339 2430 2367 mu-

342 2406 451 2433 scam
477 2407 655 2441 aeream,
683 2408 802 2445 quam
831 2395 1026 2447 Virgilius
1053 2395 1279 2442 confecerit,
1306 2395 1350 2433 in
1386 2394 1563 2434 fenestra
1597 2391 1749 2432 castelli
1775 2389 1951 2441 Capuani
1984 2394 2242 2439 conspexisse,
2297 2393 2435 2433 Liceat

344 2469 439 2499 vero
467 2456 574 2508 ipsos
603 2456 711 2499 locos
736 2457 803 2499 hic
828 2458 1027 2500 inserere:

453 2524 667 2563 Ale-wonder
691 2524 845 2563 Nec-cam
878 2522 929 2564 de
955 2523 1110 2563 naturis
1134 2536 1276 2570 rerum,
1304 2533 1389 2573 cap.
1422 2523 1517 2563 109:

450 2590 531 2637 „De
559 2592 707 2641 vulyari
729 2592 903 2641 serpente.
928 2612 982 2617 —-
1037 2588 1208 2639 Serpens
1242 2588 1416 2640 vulgaris
1448 2586 1602 2627 homini
1641 2587 1854 2627 dormienti
1890 2586 1962 2627 dat
1997 2585 2197 2634 inducias,
2235 2584 2303 2626 scd
2341 2598 2431 2626 cum

345 2653 636 2706 expergiscitur
662 2653 797 2700 homo,
824 2666 850 2693 a
875 2656 1057 2704 serpente
1085 2653 1286 2705 pungitur.
1339 2651 1536 2705 Virgilius
1564 2652 1687 2704 igitur
1712 2651 1955 2703 repatrians,
1979 2650 2159 2692 dulcibus
2175 2650 2358 2700 Athenis,
2385 2650 2429 2690 in

351 2718 493 2771 quibus
520 2722 685 2769 propter
713 2718 889 2758 studium
914 2718 1240 2769 philosophorum
1264 2717 1396 2759 Pallas
1422 2718 1502 2758 coli
1529 2717 1752 2767 dicebatur,
1777 2718 1947 2767 relictis,
1973 2731 2053 2758 non
2080 2717 2214 2758 animo
2242 2717 2312 2758 sed
2345 2729 2430 2758 cor—

456 2846 489 2887 ’)
512 2844 560 2878 Cf.
584 2843 709 2877 Rerum
727 2841 985 2876 Brittanicamm
1006 2840 1103 2874 medii
1133 2841 1206 2875 aevi
1228 2843 1421 2886 scriptores:
1447 2843 1637 2878 Alexander
1658 2843 1800 2878 Neccam
1833 2844 1875 2878 de
1900 2843 2028 2878 naturis
2050 2853 2158 2878 rerum
2188 2843 2265 2877 libri
2292 2842 2358 2876 duo
2378 2841 2430 2875 ed.

342 2905 490 2939 Thomas
515 2902 661 2943 Wright.
704 2898 847 2932 Londini
872 2898 966 2932 1863.
2263 2930 2267 2935 ,

455 2957 509 2999 ·*)
533 2955 582 2989 Cf.
600 2954 739 2988 Gualter
753 2953 876 2997 Burley
899 2953 967 2995 vita
985 2951 1254 2996 philosophorum
1270 2956 1304 2986 et
1325 2958 1499 2997 poetarum
1523 2963 1595 2987 cum
1611 2951 1865 2987 auctoritatibus
1884 2956 1918 2987 et
1931 2953 2102 2987 sententiis
2127 2951 2237 2985 aureis
2254 2950 2431 2984 eorundem

343 3014 503 3051 annexis:
527 3013 706 3054 impressus
727 3011 761 3043 in
784 3009 917 3043 dfficina
935 3009 1090 3043 industrii
1111 3008 1247 3041 Henrici
1269 3007 1379 3051 Gran,
1403 3009 1610 3052 calcographi
1631 3010 1665 3043 in
1686 3008 1807 3051 oppido
1836 3008 1994 3052 imperiali
2019 3007 2183 3049 Hagenau
2203 3004 2300 3045 civis,
2325 3004 2359 3037 in
2380 3004 2429 3038 vi-

344 3072 425 3116 gilia
446 3069 597 3104 'rhomae
619 3066 771 3110 apostoli,
795 3075 881 3099 anno
903 3064 1025 3099 domini
1050 3063 1144 3099 1510.
1190 3060 1325 3107 (Dresd.
1347 3059 1443 3103 bibl.)
