2781 3609
2397 328 2446 366 15

473 428 798 485 Praetereaopus
809 434 886 481 est,
903 432 1054 481 utpost
1064 427 1329 470 hune-Italum
1347 427 1517 468 alterum
1530 439 1894 478 commemoremus,
1910 428 2023 469 cuius
2039 440 2140 480 opus
2151 440 2232 468 non
2246 431 2330 468 tam
2340 430 2444 470 anti·

365 493 524 548 quinte
547 506 667 548 quam
683 497 859 543 auctoris
870 493 1187 548 patriaeninere
1199 491 2119 542 videtui-,scilicetliantuanumssonamente
2138 493 2447 548 Aliprando,

378 561 451 613 qui
477 560 610 602 seculo
634 559 712 603 XV
728 562 891 604 ineunte
906 559 1185 612 Ὀιιιοιιιοοιιῆ-
1205 552 1362 611 patriae
1381 570 1479 603 ‚suae
1505 556 1616 598 urbis
1639 558 1816 600 versibus
1841 559 2054 602 contexuit.
2114 558 2313 601 Nimirum
2332 560 2443 602 Man·

364 630 479 684 tuae,
490 638 592 679 quae
601 625 815 681 Virgilium
826 626 1073 680 „genuit‘ssut
1081 624 1169 677 ipse
1186 623 1375 666 cecinisse
1391 622 1548 671 dicitur,
1568 625 1708 674 poetae
1729 623 1974 666 celeberrimi
1992 625 2225 667 memoriam
2242 638 2446 679 nunquam

361 702 522 742 morsus
548 692 753 735 evanuisse
776 692 939 734 credere
964 689 1083 738 licet,
1106 689 1220 735 cuius
1245 688 1305 730 rei
1330 687 1448 740 plura
1472 686 1710 730 documenta
1732 688 1933 732 habemus.
1993 691 2058 751 lta
2091 690 2224 732 seculo
2247 689 2324 732 XV
2359 691 2446 732 illic
2468 710 2472 714 -

357 758 511 798 nummi
527 756 791 806 cudebantur,
815 757 886 809 qui
911 756 967 796 in*
986 755 1122 796 antica
1135 757 1251 806 parte
1268 754 1442 806 imagine
1459 754 1536 794 viri
1551 753 1711 794 barbati
1726 754 1872 794 vestitu
1885 754 2101 808 habituque
2119 757 2195 796 viri
2211 757 2318 797 docti
2337 756 2447 797 illius

357 821 501 873 aetatis
517 853 528 872 ,
553 821 599 862 in
622 819 752 864 altera
776 821 938 863 nomine
952 818 1115 873 Virgilii
1138 819 1287 873 signati
1312 821 1444 867 erant,
1470 820 1513 859 et
1538 829 1612 869 pro
1638 818 1810 859 amuleto
1829 818 2088 862 habebantur.
2139 821 2273 862 Etiam
2287 815 2445 863 stamas

362 889 506 939 poche
528 887 575 927 in
599 886 686 928 foro
711 885 884 938 poeitae,
910 899 937 927 a
965 885 1107 927 Camlo
1127 884 1353 933 Malateaea,
1379 883 1629 923 Riminorum
1654 886 1823 936 tyranno
1849 885 1893 923 in
1911 884 2100 926 Mincium
2111 899 2266 927 amnem
2280 879 2453 939 quidem¹

361 952 584 1001 demersae,
611 950 684 992 sed
707 953 847 1003 postea
870 963 1009 991 rursus
1034 950 1215 991 sublatae
1242 953 1288 990 et
1309 952 1464 990 erectae
1481 948 1632 988 mentio
1650 948 1698 988 fit
1718 952 1760 989 et
1777 948 2001 1000 hodieque
1989 963 2034 989 ιιι
2047 950 2118 990 illa
2132 951 2233 992 urbe
2245 955 2364 1011 porta
2382 956 2443 993 est

363 1016 630 1070 „Virgiliana“
660 1020 703 1058 et
728 1028 910 1074 campus,
936 1016 1029 1068 qui·
1053 1015 1212 1067 „piam
1236 1013 1279 1055 di
1304 1013 1497 1066 Virgilio“
1522 1012 1758 1087 appellatur.
1811 1012 1895 1054 ma·
1926 1026 2082 1066 quoque
2105 1007 2302 1058 cantilena
2327 1017 2441 1058 testi-

363 1083 497 1124 monie
522 1095 607 1124 esse
634 1085 784 1134 potest,
810 1093 914 1134 quae
940 1074 1033 1122 inde
1060 1094 1087 1122 a
1112 1079 1246 1123 seculo
1270 1078 1367 1120 XIV
1392 1079 1604 1132 quotannis
1639 1078 1684 1119 in
1713 1078 1879 1120 solemni
1913 1079 2101 1122 ecclesiae
2133 1081 2253 1122 missa
2285 1081 2330 1122 in
2367 1081 2440 1123 ho—

359 1161 500 1193 norem
523 1147 617 1190 Divi
642 1147 754 1190 Pauli
782 1146 1001 1196 celebrata,
1034 1145 1143 1189 haud
1177 1144 1298 1188 dubie
1333 1144 1411 1187 loci
1435 1144 1569 1188 Actor.
1596 1147 1668 1194 28,
1701 1147 1747 1187 13
1774 1148 1976 1198 respectu,
2012 1145 2216 1188 decantari
2247 1147 2362 1198 solet,
2396 1148 2441 1189 in

365 1229 449 1269 qua
473 1215 646 1269 fingunt,
671 1212 895 1265 apostolum
920 1213 973 1256 ad
995 1213 1174 1255 Maronis
1198 1211 1442 1254 mausoleum
1467 1212 1628 1253 ductum
1653 1211 1837 1253 lacrimas
1860 1211 2079 1265 fudisse-⁸)
2146 1212 2205 1254 Eo
2229 1214 2315 1266 ipso
2339 1219 2438 1257 tem-

358 1295 454 1334 pore
467 1313 478 1331 ,
503 1294 583 1334 quo
610 1279 772 1333 Virgilii
797 1280 990 1321 memoria
1012 1280 1055 1320 in
1082 1279 1162 1331 piis
1188 1279 1333 1320 civium
1358 1277 1712 1330 animisvigebat,
1738 1278 1839 1319 illud
1864 1278 2075 1332 Aliprandi
2102 1280 2324 1325 Chronicon
2348 1295 2438 1333 pro-

360 1346 454 1396 diit,
489 1346 534 1386 in
568 1357 648 1396 quo
672 1357 768 1387 vera
792 1344 954 1397 quidem
976 1357 1068 1385 cum
1101 1343 1207 1385 fictis
1231 1356 1357 1396 aeque
1381 1346 1502 1395 atque
1528 1344 1572 1383 in
1600 1344 1742 1385 ceteris
1769 1343 1820 1385 de
1843 1348 1963 1396 poeta
2000 1345 2281 1386 traditionibus
2315 1346 2442 1386 mixta

354 1412 464 1460 sunt,
500 1410 570 1452 sed
594 1413 729 1453 tamen
754 1411 882 1464 magis
909 1410 1063 1451 sincero
1088 1410 1317 1463 Augusteae
1340 1408 1503 1457 aetatis,
1530 1411 1575 1449 ut
1601 1408 1660 1449 ita
1683 1407 1835 1457 dicam,
1864 1408 1995 1450 colore
2020 1409 2176 1452 infecta.
2238 1410 2440 1463 Quidquid

351 1482 395 1522 in
419 1467 570 1520 Donati
586 1477 669 1518 vita
685 1474 910 1516 mirabilem
927 1474 1088 1527 Virgilii
1103 1474 1280 1515 indolem
1293 1473 1563 1515 demonstrare
1592 1473 1821 1522 videbatur,
1855 1486 1881 1514 a
1898 1473 2115 1515 Mantuano
2143 1479 2303 1517 auctore
2328 1489 2435 1517 rece-

355 1549 470 1600 ptum
492 1545 577 1591 est,
603 1539 675 1582 sed
698 1551 895 1592 nusquam
915 1539 1102 1582 liberiore
1127 1539 1189 1581 rei
1202 1538 1440 1581 tractatione
1459 1538 1604 1579 vetusti
1622 1538 1813 1590 temporis
1831 1538 1986 1592 locique
2006 1538 2104 1589 fines
2127 1540 2340 1582 excedente
2342 1542 2438 1593 ,¹⁶22)

465 1609 647 1659 Denique
659 1606 977 1647 huicMantuano
993 1618 1092 1657 opus
1106 1605 1296 1647 nostratis
1312 1604 1347 1645 F
1359 1604 1511 1645 elicis
1524 1603 1624 1644 Mal
1637 1604 1684 1647 le
1695 1604 1769 1646 oli
1787 1619 1858 1646 seu
1871 1598 2081 1646 vernaculo
2100 1606 2434 1649 sermoneHem-

364 1666 589 1719 mei-lein
613 1672 658 1712 in
682 1670 868 1712 Helvetia
892 1683 997 1712 anno
1028 1671 1129 1713 1389
1154 1670 1288 1711 'hmci
1313 1669 1418 1718 nati,
1454 1668 1725 1718 „decretorum
1752 1669 1927 1710 doctoris
1952 1671 2039 1712 iure
2068 1672 2377 1722 consultissimi,
2404 1673 2438 1713 si

363 1740 557 1793 temporis
588 1737 783 1778 rationem
806 1736 1015 1786 habemus,
1042 1736 1222 1788 proxime
1247 1734 1411 1777 accedit.
1464 1734 1540 1783 Qui
1568 1738 1781 1787 postquam
1807 1749 1911 1776 anno
1943 1739 2044 1778 1426
2074 1737 2240 1789 Neapoli
2267 1751 2437 1779 commo-

359 1810 472 1852 ratus
500 1807 576 1853 est,
600 1803 707 1844 inter
733 1801 851 1853 plura
874 1802 996 1842 etiam
1021 1801 1222 1854 dialogum
1247 1801 1293 1840 de
1317 1801 1504 1841 nobelitate
1525 1804 1560 1841 et
1583 1803 1791 1841 rusticitate
1818 1801 1996 1853 scripsit,
2022 1815 2179 1851 „sacrae
2204 1803 2438 1857 theologiae,

357 1873 523 1921 jurium,
548 1867 875 1922 philosophorum
899 1869 940 1909 et
958 1869 1166 1918 poetarum
1192 1865 1418 1914 sententiis,
1454 1865 1635 1927 historiis
1672 1869 1713 1908 et
1741 1865 1897 1908 facetiis
1923 1866 2254 1918 refertissimum&
2278 1883 2327 1912 ex
2349 1883 2438 1923 quc,
2484 1866 2488 1870 ⁵

361 1951 484 1994 quum
510 1940 552 1978 et
577 1934 685 1976 idem
711 1945 875 1985 perraro
899 1933 944 1972 in
968 1931 1219 1973 bibliothecis
1242 1931 1484 1983 reperiatur,
1525 1931 1658 1973 locum
1688 1931 1916 1995 Virgiliana
1944 1934 2212 1975 continentem
2239 1937 2437 1988 excerpsi.

461 2001 577 2052 „,Cap
603 1998 889 2041 11.fol.V111.
942 2000 1105 2039 Nobilis:
1145 1997 1266 2038 Audi
1275 1997 1372 2049 quid
1397 1997 1565 2050 legerim
1611 1998 1661 2039 de
1688 1991 1860 2052 Virgilio
1903 2000 2002 2041 sive
2012 2000 2192 2049 Marone,
2226 2002 2294 2054 qui
2330 2001 2437 2043 idem

357 2069 437 2116 est,
463 2065 533 2118 qui
557 2063 721 2116 spiritus
743 2063 969 2105 huiusmodi
996 2063 1072 2105 sibi
1097 2061 1274 2104 habuit'
1263 2075 1307 2103 ιιι
1332 2075 1479 2116 magna
1506 2063 1820 2106 continuationis
1849 2068 1891 2106 et
1917 2068 2097 2107 assuetae
2132 2062 2437 2108 conversationis

361 2129 647 2174 familiai-stae.
698 2129 754 2170 Et
777 2130 884 2171 inter
909 2132 1060 2171 ceteros
1085 2128 1163 2169 sibi
1187 2127 1339 2179 reperit
1362 2128 1647 2179 precellentem
1672 2133 1714 2170 et
1738 2131 1863 2170 unum'
1888 2131 2012 2172 nimia
2036 2132 2287 2173 sublimatum
2308 2133 2433 2173 subti—

357 2198 482 2240 litate.
537 2196 574 2237 A
599 2208 679 2247 quo
704 2185 801 2236 dum
825 2197 1010 2249 quereret
1035 2193 1134 2234 artis
1158 2192 1335 2266 magicae
1363 2196 1406 2234 et
1428 2194 1665 2244 praesertim
1690 2194 1741 2236 de
1772 2208 1843 2236 sua
1870 2196 2018 2247 specie,
2043 2211 2143 2249 quae
2170 2185 2437 2250 nigromantia

351 2263 518 2311 dicitur,
543 2259 802 2303 fundamenta
828 2259 1152 2315 diligentissime,
1177 2258 1247 2311 qui
1269 2261 1360 2310 post
1384 2257 1511 2299 multa
1536 2258 1614 2300 sibi
1651 2259 1807 2310 retulit,
1835 2260 2033 2312 quondam
2070 2261 2333 2311 Salomonem,
2369 2262 2433 2302 cui

349 2330 514 2384 patebat
537 2340 653 2368 omne
682 2326 822 2367 scibile
859 2329 901 2366 et
933 2325 1061 2366 omnis
1096 2325 1280 2373 scientia,
1322 2323 1445 2364 libros
1479 2324 1793 2376 nigromanticae
1829 2325 2030 2368 facultatis
2061 2328 2195 2381 lingua
2228 2328 2435 2368 chaldaica

350 2395 594 2446 conscriptos
621 2392 666 2432 ιιι
694 2390 914 2432 Chaldaeae
940 2390 1141 2431 montibus
1163 2389 1295 2430 certis
1306 2389 1528 2429 cavernosis
1565 2393 1607 2430 et
1646 2391 1689 2431 in
1715 2379 1919 2442 spelunca
1927 2391 2232 2442 profundissima
2267 2390 2434 2435 solerter

347 2462 391 2502 ιιι
431 2459 571 2501 diebus
605 2456 688 2496 suis
720 2455 982 2497 abscondisse.
1056 2455 1111 2496 Et
1138 2454 1245 2497 idem
1269 2453 1438 2505 spiritus
1457 2454 1642 2504 asseruit,
1688 2469 1731 2496 se
1767 2454 1890 2497 libros
1926 2460 1968 2498 et
2002 2470 2187 2498 cavernas
2223 2459 2429 2510 experien-

347 2529 407 2568 tia
432 2523 582 2566 dudum
606 2521 773 2563 vidisse:
808 2519 914 2561 unde
947 2520 1136 2562 mandato
1162 2518 1321 2572 Virgilii
1351 2517 1458 2559 idem
1486 2519 1655 2570 spiritus
1684 2520 1854 2561 eundem
1882 2523 2094 2574 assumpsit
2124 2527 2180 2570 et,
2226 2526 2433 2576 tamquam

349 2591 537 2633 Babacuc
573 2587 770 2640 propheta
801 2598 875 2639 per
912 2587 1096 2640 angelum
1134 2586 1284 2627 domini
1312 2584 1546 2635 ducebatur,
1595 2585 1705 2627 idem
1744 2585 1938 2639 Virgilius
1968 2586 2201 2627 brevissimo
2239 2588 2434 2639 temporis

525 2714 772 2759 „Aliprandina
800 2715 871 2749 osia
896 2714 1058 2749 Chronica
1082 2713 1169 2747 della
1198 2714 1264 2747 cita
1288 2713 1321 2747 di
1343 2714 1503 2748 Mantova
1524 2715 1557 2748 di
1581 2715 1786 2750 Buoamente
1813 2715 2019 2758 Aliprand0“
2050 2716 2083 2749 in
2105 2716 2269 2752 Muratori
2291 2719 2431 2761 Antiqu.

343 2773 419 2807 Ital.
442 2770 527 2806 med.
549 2771 632 2811 aevi,
653 2770 696 2812 V,
718 2773 749 2805 3

450 2826 505 2868 ω)
527 2824 577 2859 Cf.
598 2825 778 2860 Memorab.
804 2835 879 2869 pag.
903 2826 954 2860 18.

431 2883 505 2926 m)
530 2881 612 2924 ct,
616 2882 776 2924 „Genthe
809 2882 846 2916 P.
868 2881 985 2925 Virgil.
1007 2882 1040 2916 X
1061 2882 1244 2925 Eclogen“,
1269 2880 1326 2925 qui
1345 2890 1378 2923 p.
1408 2880 1534 2914 62—63
1568 2884 1799 2922 argumentum
1828 2879 1973 2913 chronici
1996 2879 2101 2923 Alipr.
2131 2882 2294 2924 exposuit.
2320 2902 2358 2907 —
2391 2883 2430 2917 In

344 2938 499 2972 chonlco
521 2936 608 2971 Galli
635 2935 804 2969 cuiusdam
826 2936 913 2970 Jeau
937 2936 1187 2972 d‘Outremeuse
1214 2940 1256 2980 (†
1273 2936 1374 2977 1399)
1400 2935 1488 2977 quod
1519 2936 1689 2979 hueusque
1712 2937 1842 2970 nonnisi
1870 2936 1967 2970 MSC.
1996 2937 2162 2970 Bruxellis
2183 2943 2370 2972 asservetur
2394 2944 2429 2972 et

345 2991 435 3037 quod
461 2991 554 3027 me.
575 2992 724 3035 Bcrgnet
742 2990 891 3026 editurus
913 2993 975 3035 sit,
1005 2993 1086 3028 satis
1107 2992 1239 3036 plenam
1262 2992 1391 3037 Virgilii
1416 2993 1525 3037 ‚vitam
1551 2994 1663 3028 multis
1684 3003 1724 3028 ac
1745 2994 1839 3029 novis
1862 2993 2041 3030 historiolis
2070 2994 2302 3038 locupletatam
2326 2997 2427 3030 conti-

345 3051 420 3085 neri
439 3049 537 3084 docet
557 3048 736 3083 Ideboeeeht
755 3049 778 3082 1.
799 3049 821 3082 l.
846 3059 878 3091 p.
902 3050 976 3084 262.
