<?xml version="1.0" encoding="UTF-8"?>
<!DOCTYPE html PUBLIC "-//W3C//DTD XHTML 1.0 Transitional//EN"
    "http://www.w3.org/TR/xhtml1/DTD/xhtml1-transitional.dtd">
<html xmlns="http://www.w3.org/1999/xhtml" xml:lang="en" lang="en">
 <head>
  <title>
</title>
<meta http-equiv="Content-Type" content="text/html;charset=utf-8" />
  <meta name='ocr-system' content='tesseract 3.04.00' />
  <meta name='ocr-capabilities' content='ocr_page ocr_carea ocr_par ocr_line ocrx_word'/>
</head>
<body>
  <div class='ocr_page' id='page_1' title='image "4764145_0036.png"; bbox 0 0 2781 3609; ppageno 0'>
   <div class='ocr_carea' id='block_1_1' title="bbox 346 311 403 351">
    <p class='ocr_par' dir='ltr' id='par_1_1' title="bbox 346 311 403 351">
     <span class='ocr_line' id='line_1_1' title="bbox 346 311 403 351; baseline 0 0"><span class='ocrx_word' id='word_1_1' title='bbox 346 311 403 351; x_wconf 80' lang='lat'>28</span> 
     </span>
    </p>
   </div>
   <div class='ocr_carea' id='block_1_2' title="bbox 341 412 2442 1124">
    <p class='ocr_par' dir='ltr' id='par_1_2' title="bbox 342 412 2442 600">
     <span class='ocr_line' id='line_1_2' title="bbox 342 412 2442 472; baseline 0.002 -17"><span class='ocrx_word' id='word_1_2' title='bbox 342 415 446 455; x_wconf 85' lang='lat' dir='ltr'>artis</span> <span class='ocrx_word' id='word_1_3' title='bbox 471 428 641 457; x_wconf 86' lang='lat' dir='ltr'>arcanae</span> <span class='ocrx_word' id='word_1_4' title='bbox 669 414 837 456; x_wconf 89' lang='lat' dir='ltr'>scientia</span> <span class='ocrx_word' id='word_1_5' title='bbox 864 417 1098 455; x_wconf 80' lang='lat' dir='ltr'>exornatum</span> <span class='ocrx_word' id='word_1_6' title='bbox 1124 413 1247 456; x_wconf 87' lang='lat' dir='ltr'>fidem</span> <span class='ocrx_word' id='word_1_7' title='bbox 1275 413 1543 469; x_wconf 75' lang='lat' dir='ltr'><strong>Christianam</strong></span> <span class='ocrx_word' id='word_1_8' title='bbox 1560 412 1675 454; x_wconf 83' lang='lat' dir='ltr'>valde</span> <span class='ocrx_word' id='word_1_9' title='bbox 1702 412 1897 455; x_wconf 84' lang='lat' dir='ltr'>adiuvisse</span> <span class='ocrx_word' id='word_1_10' title='bbox 1925 414 2212 472; x_wconf 73' lang='lat' dir='ltr'>credebatur.*)</span> <span class='ocrx_word' id='word_1_11' title='bbox 2239 421 2350 464; x_wconf 78' lang='lat' dir='ltr'>Infra.</span> <span class='ocrx_word' id='word_1_12' title='bbox 2367 423 2442 465; x_wconf 73' lang='lat' dir='ltr'>sub</span> 
     </span>
     <span class='ocr_line' id='line_1_3' title="bbox 348 477 2057 533; baseline 0.004 -15"><span class='ocrx_word' id='word_1_13' title='bbox 348 477 448 519; x_wconf 86' lang='lat' dir='ltr'>XIV</span> <span class='ocrx_word' id='word_1_14' title='bbox 477 480 599 520; x_wconf 87' lang='lat' dir='ltr'>etiam</span> <span class='ocrx_word' id='word_1_15' title='bbox 625 479 727 519; x_wconf 88' lang='lat' dir='ltr'>alius</span> <span class='ocrx_word' id='word_1_16' title='bbox 752 478 846 519; x_wconf 83' lang='lat' dir='ltr'>libri</span> <span class='ocrx_word' id='word_1_17' title='bbox 871 478 1031 532; x_wconf 82' lang='lat' dir='ltr'>Virgilii</span> <span class='ocrx_word' id='word_1_18' title='bbox 1055 480 1230 533; x_wconf 78' lang='lat' dir='ltr'>magiam</span> <span class='ocrx_word' id='word_1_19' title='bbox 1257 479 1556 530; x_wconf 88' lang='lat' dir='ltr'>complectentis</span> <span class='ocrx_word' id='word_1_20' title='bbox 1574 479 1732 520; x_wconf 76' lang='lat' dir='ltr'>&#39;mentio</span> <span class='ocrx_word' id='word_1_21' title='bbox 1758 478 1941 521; x_wconf 69' lang='lat' dir='ltr'>facienda</span> <span class='ocrx_word' id='word_1_22' title='bbox 1968 481 2057 524; x_wconf 82' lang='lat' dir='ltr'>en&#39;t.</span> 
     </span>
     <span class='ocr_line' id='line_1_4' title="bbox 770 557 2027 600; baseline 0.001 -9"><span class='ocrx_word' id='word_1_23' title='bbox 770 557 863 597; x_wconf 82' lang='grc' dir='ltr'>ΧΠ.</span> <span class='ocrx_word' id='word_1_24' title='bbox 892 557 1081 599; x_wconf 64' lang='lat' dir='ltr'>vii-smus</span> <span class='ocrx_word' id='word_1_25' title='bbox 1106 558 1279 592; x_wconf 79' lang='lat' dir='ltr'>balineas</span> <span class='ocrx_word' id='word_1_26' title='bbox 1298 566 1418 600; x_wconf 82' lang='lat' dir='ltr'>prope</span> <span class='ocrx_word' id='word_1_27' title='bbox 1442 557 1623 592; x_wconf 73' lang='lat' dir='ltr'><strong>Puteolos</strong></span> <span class='ocrx_word' id='word_1_28' title='bbox 1644 558 1684 591; x_wconf 82' lang='lat' dir='ltr'>et</span> <span class='ocrx_word' id='word_1_29' title='bbox 1704 557 1818 592; x_wconf 74' lang='lat' dir='ltr'>Baias</span> <span class='ocrx_word' id='word_1_30' title='bbox 1843 557 2027 595; x_wconf 65' lang='lat' dir='ltr'>muttit.</span> 
     </span>
    </p>

    <p class='ocr_par' dir='ltr' id='par_1_3' title="bbox 341 609 2441 1124">
     <span class='ocr_line' id='line_1_5' title="bbox 452 609 2436 668; baseline 0.002 -16"><span class='ocrx_word' id='word_1_31' title='bbox 452 611 651 652; x_wconf 83' lang='lat' dir='ltr'>Nimirum</span> <span class='ocrx_word' id='word_1_32' title='bbox 677 612 799 653; x_wconf 89' lang='lat' dir='ltr'>etiam</span> <span class='ocrx_word' id='word_1_33' title='bbox 824 612 868 653; x_wconf 97' lang='grc'>111</span> <span class='ocrx_word' id='word_1_34' title='bbox 892 624 989 666; x_wconf 85' lang='lat' dir='ltr'>agro</span> <span class='ocrx_word' id='word_1_35' title='bbox 1002 611 1268 665; x_wconf 86' lang='lat' dir='ltr'>Neapolitano</span> <span class='ocrx_word' id='word_1_36' title='bbox 1294 615 1408 654; x_wconf 84' lang='lat' dir='ltr'>extra</span> <span class='ocrx_word' id='word_1_37' title='bbox 1432 611 1574 653; x_wconf 88' lang='lat' dir='ltr'>urbem</span> <span class='ocrx_word' id='word_1_38' title='bbox 1599 610 1784 653; x_wconf 85' lang='lat' dir='ltr'>salutaris</span> <span class='ocrx_word' id='word_1_39' title='bbox 1807 613 1947 662; x_wconf 86' lang='lat' dir='ltr'>poetae</span> <span class='ocrx_word' id='word_1_40' title='bbox 1973 609 2153 654; x_wconf 81' lang='lat' dir='ltr'>efficacia</span> <span class='ocrx_word' id='word_1_41' title='bbox 2171 627 2196 656; x_wconf 81' lang='lat' dir='ltr'>a</span> <span class='ocrx_word' id='word_1_42' title='bbox 2209 616 2436 668; x_wconf 75' lang='lat' dir='ltr'>mythormn</span> 
     </span>
     <span class='ocr_line' id='line_1_6' title="bbox 342 677 2441 732; baseline 0.003 -13"><span class='ocrx_word' id='word_1_43' title='bbox 342 679 616 720; x_wconf 76' lang='lat' dir='ltr'>inventoribus</span> <span class='ocrx_word' id='word_1_44' title='bbox 642 679 772 719; x_wconf 85' lang='lat' dir='ltr'>locum</span> <span class='ocrx_word' id='word_1_45' title='bbox 799 679 980 730; x_wconf 87' lang='lat' dir='ltr'>accipere</span> <span class='ocrx_word' id='word_1_46' title='bbox 1007 679 1190 721; x_wconf 89' lang='lat' dir='ltr'>debebat.</span> <span class='ocrx_word' id='word_1_47' title='bbox 1246 679 1310 719; x_wconf 88' lang='lat' dir='ltr'>Ita</span> <span class='ocrx_word' id='word_1_48' title='bbox 1335 677 1614 720; x_wconf 80' lang='lat' dir='ltr'>celeberrimas</span> <span class='ocrx_word' id='word_1_49' title='bbox 1639 677 1730 718; x_wconf 84' lang='lat' dir='ltr'>illas</span> <span class='ocrx_word' id='word_1_50' title='bbox 1766 679 1943 725; x_wconf 72' lang='lat' dir='ltr'>thermas,</span> <span class='ocrx_word' id='word_1_51' title='bbox 1979 677 2049 718; x_wconf 92' lang='lat' dir='ltr'>ubi</span> <span class='ocrx_word' id='word_1_52' title='bbox 2084 691 2210 732; x_wconf 82' lang='lat' dir='ltr'>aquae</span> <span class='ocrx_word' id='word_1_53' title='bbox 2243 680 2441 729; x_wconf 79' lang='lat' dir='ltr'>ferventes</span> 
     </span>
     <span class='ocr_line' id='line_1_7' title="bbox 345 742 2439 797; baseline -0.002 -12"><span class='ocrx_word' id='word_1_54' title='bbox 345 758 369 785; x_wconf 90' lang='lat' dir='ltr'>e</span> <span class='ocrx_word' id='word_1_55' title='bbox 392 744 476 784; x_wconf 89' lang='lat' dir='ltr'>solo</span> <span class='ocrx_word' id='word_1_56' title='bbox 503 744 771 785; x_wconf 78' lang='lat' dir='ltr'>subterraneis</span> <span class='ocrx_word' id='word_1_57' title='bbox 795 745 956 797; x_wconf 84' lang='lat' dir='ltr'>ignibus</span> <span class='ocrx_word' id='word_1_58' title='bbox 983 745 1207 785; x_wconf 88' lang='lat' dir='ltr'>substructo</span> <span class='ocrx_word' id='word_1_59' title='bbox 1233 743 1405 783; x_wconf 87' lang='lat' dir='ltr'>naturali</span> <span class='ocrx_word' id='word_1_60' title='bbox 1432 744 1667 784; x_wconf 72' lang='lat' dir='ltr'>necessitate</span> <span class='ocrx_word' id='word_1_61' title='bbox 1691 742 1911 793; x_wconf 86' lang='lat' dir='ltr'>profluunt,</span> <span class='ocrx_word' id='word_1_62' title='bbox 1937 742 2097 795; x_wconf 77' lang='lat' dir='ltr'>Virgilii</span> <span class='ocrx_word' id='word_1_63' title='bbox 2123 748 2210 786; x_wconf 80' lang='lat' dir='ltr'>arte</span> <span class='ocrx_word' id='word_1_64' title='bbox 2247 746 2439 790; x_wconf 57' lang='lat' dir='ltr'>excitam</span> 
     </span>
     <span class='ocr_line' id='line_1_8' title="bbox 347 807 2434 860; baseline 0.001 -10"><span class='ocrx_word' id='word_1_65' title='bbox 347 822 440 850; x_wconf 89' lang='lat' dir='ltr'>esse</span> <span class='ocrx_word' id='word_1_66' title='bbox 475 808 770 850; x_wconf 76' lang='lat' dir='ltr'>fabulabantur.</span> <span class='ocrx_word' id='word_1_67' title='bbox 834 807 968 849; x_wconf 86' lang='lat' dir='ltr'>Etiam</span> <span class='ocrx_word' id='word_1_68' title='bbox 995 810 1181 849; x_wconf 74' lang='lat' dir='ltr'>Conradus</span> <span class='ocrx_word' id='word_1_69' title='bbox 1218 811 1432 854; x_wconf 86' lang='lat' dir='ltr'>asseverat,</span> <span class='ocrx_word' id='word_1_70' title='bbox 1468 807 1552 848; x_wconf 90' lang='grc'>11110</span> <span class='ocrx_word' id='word_1_71' title='bbox 1588 807 1785 859; x_wconf 81' lang='lat' dir='ltr'>imagines</span> <span class='ocrx_word' id='word_1_72' title='bbox 1821 807 1930 848; x_wconf 88' lang='lat' dir='ltr'>cerni</span> <span class='ocrx_word' id='word_1_73' title='bbox 1967 811 2161 850; x_wconf 82' lang='lat' dir='ltr'>vetustate</span> <span class='ocrx_word' id='word_1_74' title='bbox 2188 822 2337 860; x_wconf 84' lang='lat' dir='ltr'>paene.</span> <span class='ocrx_word' id='word_1_75' title='bbox 2342 825 2434 854; x_wconf 86' lang='lat' dir='ltr'>con—</span> 
     </span>
     <span class='ocr_line' id='line_1_9' title="bbox 343 871 2438 927; baseline 0.002 -13"><span class='ocrx_word' id='word_1_76' title='bbox 343 877 513 922; x_wconf 84' lang='lat' dir='ltr'>sumtas,</span> <span class='ocrx_word' id='word_1_77' title='bbox 538 887 640 925; x_wconf 87' lang='lat' dir='ltr'>quae</span> <span class='ocrx_word' id='word_1_78' title='bbox 668 874 844 926; x_wconf 85' lang='lat' dir='ltr'>singulos</span> <span class='ocrx_word' id='word_1_79' title='bbox 870 874 1116 927; x_wconf 87' lang='lat' dir='ltr'>singularum</span> <span class='ocrx_word' id='word_1_80' title='bbox 1143 873 1318 924; x_wconf 88' lang='lat' dir='ltr'>corporis</span> <span class='ocrx_word' id='word_1_81' title='bbox 1343 871 1519 922; x_wconf 89' lang='lat' dir='ltr'>partium</span> <span class='ocrx_word' id='word_1_82' title='bbox 1544 871 1704 912; x_wconf 91' lang='lat' dir='ltr'>morbos</span> <span class='ocrx_word' id='word_1_83' title='bbox 1740 871 2022 914; x_wconf 84' lang='lat' dir='ltr'>demonstrent.</span> <span class='ocrx_word' id='word_1_84' title='bbox 2090 872 2189 914; x_wconf 85' lang='lat' dir='ltr'>Gum</span> <span class='ocrx_word' id='word_1_85' title='bbox 2224 888 2318 916; x_wconf 88' lang='lat' dir='ltr'>vero</span> <span class='ocrx_word' id='word_1_86' title='bbox 2343 872 2438 918; x_wconf 82' lang='lat' dir='ltr'>illae</span> 
     </span>
     <span class='ocr_line' id='line_1_10' title="bbox 342 935 2438 992; baseline 0.002 -14"><span class='ocrx_word' id='word_1_87' title='bbox 342 940 537 991; x_wconf 83' lang='lat' dir='ltr'>imagines</span> <span class='ocrx_word' id='word_1_88' title='bbox 564 939 691 978; x_wconf 91' lang='lat' dir='ltr'>solum</span> <span class='ocrx_word' id='word_1_89' title='bbox 717 940 943 979; x_wconf 87' lang='lat' dir='ltr'>ornamenti</span> <span class='ocrx_word' id='word_1_90' title='bbox 969 941 1099 991; x_wconf 88' lang='lat' dir='ltr'>gratia</span> <span class='ocrx_word' id='word_1_91' title='bbox 1123 938 1289 978; x_wconf 87' lang='lat' dir='ltr'>thermis</span> <span class='ocrx_word' id='word_1_92' title='bbox 1316 936 1475 976; x_wconf 81' lang='lat' dir='ltr'>additae</span> <span class='ocrx_word' id='word_1_93' title='bbox 1503 935 1631 977; x_wconf 89' lang='lat' dir='ltr'>videri</span> <span class='ocrx_word' id='word_1_94' title='bbox 1657 937 1829 986; x_wconf 83' lang='lat' dir='ltr'>possint,</span> <span class='ocrx_word' id='word_1_95' title='bbox 1860 940 1906 975; x_wconf 93' lang='lat' dir='ltr'>ut</span> <span class='ocrx_word' id='word_1_96' title='bbox 1941 941 2077 978; x_wconf 88' lang='lat' dir='ltr'>nostro</span> <span class='ocrx_word' id='word_1_97' title='bbox 2102 939 2232 980; x_wconf 87' lang='lat' dir='ltr'>adhuc</span> <span class='ocrx_word' id='word_1_98' title='bbox 2258 944 2438 992; x_wconf 88' lang='lat' dir='ltr'>tempore</span> 
     </span>
     <span class='ocr_line' id='line_1_11' title="bbox 341 1000 2438 1054; baseline 0.001 -10"><span class='ocrx_word' id='word_1_99' title='bbox 341 1003 546 1045; x_wconf 90' lang='lat' dir='ltr'>interdum</span> <span class='ocrx_word' id='word_1_100' title='bbox 571 1017 619 1044; x_wconf 90' lang='lat' dir='ltr'>ea</span> <span class='ocrx_word' id='word_1_101' title='bbox 646 1003 964 1045; x_wconf 88' lang='lat' dir='ltr'>Christianorum</span> <span class='ocrx_word' id='word_1_102' title='bbox 988 1003 1154 1054; x_wconf 80' lang='lat' dir='ltr'>templa,</span> <span class='ocrx_word' id='word_1_103' title='bbox 1189 1015 1289 1053; x_wconf 87' lang='lat' dir='ltr'>quae</span> <span class='ocrx_word' id='word_1_104' title='bbox 1326 1004 1490 1052; x_wconf 87' lang='lat' dir='ltr'>propter</span> <span class='ocrx_word' id='word_1_105' title='bbox 1516 1000 1725 1042; x_wconf 86' lang='lat' dir='ltr'>mirificam</span> <span class='ocrx_word' id='word_1_106' title='bbox 1759 1001 1861 1042; x_wconf 79' lang='lat' dir='ltr'>sacri</span> <span class='ocrx_word' id='word_1_107' title='bbox 1884 1002 2087 1043; x_wconf 89' lang='lat' dir='ltr'>cuiusdam</span> <span class='ocrx_word' id='word_1_108' title='bbox 2120 1004 2322 1046; x_wconf 79' lang='lat' dir='ltr'>simulacri</span> <span class='ocrx_word' id='word_1_109' title='bbox 2357 1007 2438 1047; x_wconf 92' lang='lat' dir='ltr'>vim</span> 
     </span>
     <span class='ocr_line' id='line_1_12' title="bbox 345 1065 2437 1124; baseline 0.002 -15"><span class='ocrx_word' id='word_1_110' title='bbox 345 1083 371 1110; x_wconf 89' lang='lat' dir='ltr'>a</span> <span class='ocrx_word' id='word_1_111' title='bbox 406 1068 694 1119; x_wconf 85' lang='lat' dir='ltr'>superstitiosis</span> <span class='ocrx_word' id='word_1_112' title='bbox 730 1067 960 1107; x_wconf 89' lang='lat' dir='ltr'>hominibus</span> <span class='ocrx_word' id='word_1_113' title='bbox 995 1066 1237 1118; x_wconf 84' lang='lat' dir='ltr'>frequentari</span> <span class='ocrx_word' id='word_1_114' title='bbox 1273 1066 1416 1113; x_wconf 84' lang='lat' dir='ltr'>solent,</span> <span class='ocrx_word' id='word_1_115' title='bbox 1450 1065 1598 1106; x_wconf 88' lang='lat' dir='ltr'>talibus</span> <span class='ocrx_word' id='word_1_116' title='bbox 1635 1065 1902 1106; x_wconf 89' lang='lat' dir='ltr'>membrorum</span> <span class='ocrx_word' id='word_1_117' title='bbox 1934 1067 2163 1108; x_wconf 79' lang='lat' dir='ltr'>&#39;sanatorum</span> <span class='ocrx_word' id='word_1_118' title='bbox 2197 1070 2437 1124; x_wconf 81' lang='lat' dir='ltr'>imaginibus</span> 
     </span>
    </p>
   </div>
   <div class='ocr_carea' id='block_1_3' title="bbox 341 1120 2504 1188">
    <p class='ocr_par' dir='ltr' id='par_1_4' title="bbox 341 1120 2504 1188">
     <span class='ocr_line' id='line_1_13' title="bbox 341 1120 2504 1188; baseline 0.001 -13"><span class='ocrx_word' id='word_1_119' title='bbox 341 1136 547 1175; x_wconf 75' lang='lat' dir='ltr'>teterrime</span> <span class='ocrx_word' id='word_1_120' title='bbox 575 1120 726 1174; x_wconf 46' lang='lat' dir='ltr'>ornata*</span> <span class='ocrx_word' id='word_1_121' title='bbox 753 1137 863 1181; x_wconf 90' lang='lat' dir='ltr'>sunt,</span> <span class='ocrx_word' id='word_1_122' title='bbox 900 1136 1032 1173; x_wconf 87' lang='lat' dir='ltr'>tamen</span> <span class='ocrx_word' id='word_1_123' title='bbox 1068 1132 1275 1182; x_wconf 89' lang='lat' dir='ltr'>perspicue</span> <span class='ocrx_word' id='word_1_124' title='bbox 1300 1145 1322 1171; x_wconf 93' lang='grc'>0</span> <span class='ocrx_word' id='word_1_125' title='bbox 1348 1131 1542 1172; x_wconf 90' lang='lat' dir='ltr'>Chronico</span> <span class='ocrx_word' id='word_1_126' title='bbox 1579 1133 1737 1173; x_wconf 79' lang='lat' dir='ltr'>Villanii</span> <span class='ocrx_word' id='word_1_127' title='bbox 1763 1144 1845 1182; x_wconf 90' lang='lat' dir='ltr'>cap.</span> <span class='ocrx_word' id='word_1_128' title='bbox 1875 1134 1927 1172; x_wconf 81' lang='lat'>29</span> <span class='ocrx_word' id='word_1_129' title='bbox 1962 1136 2147 1182; x_wconf 87' lang='lat' dir='ltr'>apparet,</span> <span class='ocrx_word' id='word_1_130' title='bbox 2187 1134 2308 1175; x_wconf 87' lang='lat' dir='ltr'>etiam</span> <span class='ocrx_word' id='word_1_131' title='bbox 2340 1136 2434 1177; x_wconf 85' lang='lat' dir='ltr'>huic</span> <span class='ocrx_word' id='word_1_132' title='bbox 2497 1180 2504 1188; x_wconf 65' lang='grc'>,</span> 
     </span>
    </p>
   </div>
   <div class='ocr_carea' id='block_1_4' title="bbox 334 1197 2493 2229">
    <p class='ocr_par' dir='ltr' id='par_1_5' title="bbox 334 1197 2493 2229">
     <span class='ocr_line' id='line_1_14' title="bbox 341 1197 2434 1252; baseline 0 -11"><span class='ocrx_word' id='word_1_133' title='bbox 341 1200 403 1242; x_wconf 87' lang='grc' dir='ltr'>1·οἰ</span> <span class='ocrx_word' id='word_1_134' title='bbox 430 1200 629 1252; x_wconf 81' lang='lat' dir='ltr'>magicam</span> <span class='ocrx_word' id='word_1_135' title='bbox 656 1198 1026 1249; x_wconf 85' lang='lat' dir='ltr'>interpretationem</span> <span class='ocrx_word' id='word_1_136' title='bbox 1053 1197 1189 1238; x_wconf 90' lang='lat' dir='ltr'>datam</span> <span class='ocrx_word' id='word_1_137' title='bbox 1218 1210 1303 1239; x_wconf 87' lang='lat' dir='ltr'>esse</span> <span class='ocrx_word' id='word_1_138' title='bbox 1318 1229 1327 1245; x_wconf 94' lang='lat'>,</span> <span class='ocrx_word' id='word_1_139' title='bbox 1351 1197 1421 1238; x_wconf 93' lang='lat' dir='ltr'>ubi</span> <span class='ocrx_word' id='word_1_140' title='bbox 1449 1198 1508 1238; x_wconf 91' lang='lat' dir='ltr'>ita</span> <span class='ocrx_word' id='word_1_141' title='bbox 1533 1197 1940 1252; x_wconf 41' lang='lat' dir='ltr'>legitur20‚,Egregius</span> <span class='ocrx_word' id='word_1_142' title='bbox 1953 1201 2061 1239; x_wconf 89' lang='lat' dir='ltr'>vates</span> <span class='ocrx_word' id='word_1_143' title='bbox 2079 1198 2200 1239; x_wconf 87' lang='lat' dir='ltr'>etiam</span> <span class='ocrx_word' id='word_1_144' title='bbox 2219 1199 2295 1241; x_wconf 92' lang='lat' dir='ltr'>hoc</span> <span class='ocrx_word' id='word_1_145' title='bbox 2317 1214 2434 1252; x_wconf 92' lang='lat' dir='ltr'>repu-</span> 
     </span>
     <span class='ocr_line' id='line_1_15' title="bbox 340 1262 2475 1316; baseline 0.001 -11"><span class='ocrx_word' id='word_1_146' title='bbox 340 1269 515 1312; x_wconf 87' lang='lat' dir='ltr'>taverat,</span> <span class='ocrx_word' id='word_1_147' title='bbox 541 1265 586 1303; x_wconf 90' lang='lat' dir='ltr'>in</span> <span class='ocrx_word' id='word_1_148' title='bbox 611 1264 762 1303; x_wconf 84' lang='lat' dir='ltr'>Baiano</span> <span class='ocrx_word' id='word_1_149' title='bbox 790 1263 906 1302; x_wconf 91' lang='lat' dir='ltr'>litore</span> <span class='ocrx_word' id='word_1_150' title='bbox 933 1276 1055 1314; x_wconf 88' lang='lat' dir='ltr'>prope</span> <span class='ocrx_word' id='word_1_151' title='bbox 1085 1262 1225 1302; x_wconf 85' lang='lat' dir='ltr'>Cumas</span> <span class='ocrx_word' id='word_1_152' title='bbox 1253 1262 1381 1302; x_wconf 88' lang='lat' dir='ltr'>fontes</span> <span class='ocrx_word' id='word_1_153' title='bbox 1407 1262 1555 1302; x_wconf 86' lang='lat' dir='ltr'>calidos</span> <span class='ocrx_word' id='word_1_154' title='bbox 1591 1275 1676 1302; x_wconf 89' lang='lat' dir='ltr'>esse</span> <span class='ocrx_word' id='word_1_155' title='bbox 1714 1265 1755 1302; x_wconf 86' lang='lat' dir='ltr'>et</span> <span class='ocrx_word' id='word_1_156' title='bbox 1791 1266 1949 1314; x_wconf 82' lang='lat' dir='ltr'>cryptas</span> <span class='ocrx_word' id='word_1_157' title='bbox 1973 1263 2081 1304; x_wconf 89' lang='lat' dir='ltr'>venis</span> <span class='ocrx_word' id='word_1_158' title='bbox 2117 1264 2218 1304; x_wconf 89' lang='lat' dir='ltr'>varii</span> <span class='ocrx_word' id='word_1_159' title='bbox 2258 1265 2429 1316; x_wconf 82' lang='lat' dir='ltr'>effectus,</span> <span class='ocrx_word' id='word_1_160' title='bbox 2472 1284 2475 1287; x_wconf 97' lang='lat'>·</span> 
     </span>
     <span class='ocr_line' id='line_1_16' title="bbox 344 1318 2433 1381; baseline 0.001 -10"><span class='ocrx_word' id='word_1_161' title='bbox 344 1330 556 1381; x_wconf 86' lang='lat' dir='ltr'>sulphure,</span> <span class='ocrx_word' id='word_1_162' title='bbox 594 1329 787 1375; x_wconf 88' lang='lat' dir='ltr'>alumine,</span> <span class='ocrx_word' id='word_1_163' title='bbox 825 1327 948 1375; x_wconf 81' lang='lat' dir='ltr'>ferm,</span> <span class='ocrx_word' id='word_1_164' title='bbox 986 1327 1093 1378; x_wconf 87' lang='lat' dir='ltr'>pice,</span> <span class='ocrx_word' id='word_1_165' title='bbox 1126 1328 1213 1368; x_wconf 90' lang='lat' dir='ltr'>vivo</span> <span class='ocrx_word' id='word_1_166' title='bbox 1251 1333 1417 1381; x_wconf 87' lang='lat' dir='ltr'>argento</span> <span class='ocrx_word' id='word_1_167' title='bbox 1454 1318 1708 1381; x_wconf 73' lang='lat' dir='ltr'>interruptas</span> <span class='ocrx_word' id='word_1_168' title='bbox 1773 1329 1903 1377; x_wconf 85' lang='lat' dir='ltr'>Quare</span> <span class='ocrx_word' id='word_1_169' title='bbox 1930 1329 1972 1368; x_wconf 92' lang='lat' dir='ltr'>in</span> <span class='ocrx_word' id='word_1_170' title='bbox 2008 1342 2254 1370; x_wconf 87' lang='lat' dir='ltr'>communem</span> <span class='ocrx_word' id='word_1_171' title='bbox 2288 1331 2433 1373; x_wconf 92' lang='lat' dir='ltr'>civium</span> 
     </span>
     <span class='ocr_line' id='line_1_17' title="bbox 342 1392 2427 1448; baseline 0 -12"><span class='ocrx_word' id='word_1_172' title='bbox 342 1396 545 1447; x_wconf 84' lang='lat' dir='ltr'>totiusque</span> <span class='ocrx_word' id='word_1_173' title='bbox 572 1392 744 1434; x_wconf 88' lang='lat' dir='ltr'>civitatis</span> <span class='ocrx_word' id='word_1_174' title='bbox 772 1392 940 1432; x_wconf 88' lang='lat' dir='ltr'>salutem</span> <span class='ocrx_word' id='word_1_175' title='bbox 957 1393 1102 1433; x_wconf 88' lang='lat' dir='ltr'>multas</span> <span class='ocrx_word' id='word_1_176' title='bbox 1120 1406 1167 1433; x_wconf 88' lang='lat' dir='ltr'>ac</span> <span class='ocrx_word' id='word_1_177' title='bbox 1196 1393 1372 1434; x_wconf 82' lang='lat' dir='ltr'>diversas</span> <span class='ocrx_word' id='word_1_178' title='bbox 1396 1394 1573 1434; x_wconf 87' lang='lat' dir='ltr'>thermas</span> <span class='ocrx_word' id='word_1_179' title='bbox 1592 1394 1741 1434; x_wconf 87' lang='lat' dir='ltr'>exstrui</span> <span class='ocrx_word' id='word_1_180' title='bbox 1754 1394 1871 1434; x_wconf 88' lang='lat' dir='ltr'>iussit</span> <span class='ocrx_word' id='word_1_181' title='bbox 1890 1393 2072 1445; x_wconf 86' lang='lat' dir='ltr'>inprimis</span> <span class='ocrx_word' id='word_1_182' title='bbox 2090 1396 2247 1435; x_wconf 72' lang='lat' dir='ltr'>Tm‘tolae</span> <span class='ocrx_word' id='word_1_183' title='bbox 2255 1395 2427 1448; x_wconf 70' lang='lat' dir='ltr'>(Tripar-</span> 
     </span>
     <span class='ocr_line' id='line_1_18' title="bbox 344 1456 2432 1515; baseline 0.002 -16"><span class='ocrx_word' id='word_1_184' title='bbox 344 1460 435 1511; x_wconf 87' lang='lat' dir='ltr'>gola</span> <span class='ocrx_word' id='word_1_185' title='bbox 445 1461 480 1511; x_wconf 74' lang='lat' dir='ltr'>p)</span> <span class='ocrx_word' id='word_1_186' title='bbox 507 1458 614 1509; x_wconf 89' lang='lat' dir='ltr'>quod</span> <span class='ocrx_word' id='word_1_187' title='bbox 638 1458 747 1498; x_wconf 90' lang='lat' dir='ltr'>mille</span> <span class='ocrx_word' id='word_1_188' title='bbox 774 1458 956 1508; x_wconf 87' lang='lat' dir='ltr'>passibus</span> <span class='ocrx_word' id='word_1_189' title='bbox 974 1456 1072 1499; x_wconf 83' lang='lat' dir='ltr'>urbe</span> <span class='ocrx_word' id='word_1_190' title='bbox 1088 1459 1230 1507; x_wconf 87' lang='lat' dir='ltr'>distat,</span> <span class='ocrx_word' id='word_1_191' title='bbox 1249 1460 1318 1500; x_wconf 93' lang='lat' dir='ltr'>ubi</span> <span class='ocrx_word' id='word_1_192' title='bbox 1336 1460 1470 1499; x_wconf 89' lang='lat' dir='ltr'>omnia</span> <span class='ocrx_word' id='word_1_193' title='bbox 1493 1460 1654 1499; x_wconf 89' lang='lat' dir='ltr'>nomina</span> <span class='ocrx_word' id='word_1_194' title='bbox 1673 1473 1719 1499; x_wconf 89' lang='lat' dir='ltr'>ac</span> <span class='ocrx_word' id='word_1_195' title='bbox 1730 1460 1896 1500; x_wconf 86' lang='lat' dir='ltr'>virtutes</span> <span class='ocrx_word' id='word_1_196' title='bbox 1915 1459 2084 1499; x_wconf 85' lang='lat' dir='ltr'>fontium</span> <span class='ocrx_word' id='word_1_197' title='bbox 2106 1461 2298 1511; x_wconf 87' lang='lat' dir='ltr'>inscripta</span> <span class='ocrx_word' id='word_1_198' title='bbox 2312 1466 2432 1515; x_wconf 88' lang='lat' dir='ltr'>atque</span> 
     </span>
     <span class='ocr_line' id='line_1_19' title="bbox 341 1523 2429 1580; baseline 0.001 -15"><span class='ocrx_word' id='word_1_199' title='bbox 341 1524 566 1565; x_wconf 86' lang='lat' dir='ltr'>artificiosis</span> <span class='ocrx_word' id='word_1_200' title='bbox 602 1524 769 1574; x_wconf 89' lang='lat' dir='ltr'>picturis</span> <span class='ocrx_word' id='word_1_201' title='bbox 802 1523 1012 1575; x_wconf 85' lang='lat' dir='ltr'>designata</span> <span class='ocrx_word' id='word_1_202' title='bbox 1046 1528 1177 1571; x_wconf 89' lang='lat' dir='ltr'>erant,</span> <span class='ocrx_word' id='word_1_203' title='bbox 1222 1528 1267 1565; x_wconf 90' lang='lat' dir='ltr'>ut</span> <span class='ocrx_word' id='word_1_204' title='bbox 1300 1538 1494 1575; x_wconf 82' lang='lat' dir='ltr'>pauperes</span> <span class='ocrx_word' id='word_1_205' title='bbox 1529 1524 1702 1576; x_wconf 87' lang='lat' dir='ltr'>aegroti,</span> <span class='ocrx_word' id='word_1_206' title='bbox 1730 1525 1852 1565; x_wconf 86' lang='lat' dir='ltr'>etiam</span> <span class='ocrx_word' id='word_1_207' title='bbox 1887 1524 1972 1565; x_wconf 86' lang='lat' dir='ltr'>sine</span> <span class='ocrx_word' id='word_1_208' title='bbox 2007 1524 2156 1565; x_wconf 82' lang='lat' dir='ltr'>auxilio</span> <span class='ocrx_word' id='word_1_209' title='bbox 2189 1527 2429 1580; x_wconf 81' lang='lat' dir='ltr'>consilioque</span> 
     </span>
     <span class='ocr_line' id='line_1_20' title="bbox 339 1588 2433 1644; baseline 0.003 -13"><span class='ocrx_word' id='word_1_210' title='bbox 339 1590 583 1632; x_wconf 90' lang='lat' dir='ltr'>medicorum</span> <span class='ocrx_word' id='word_1_211' title='bbox 620 1590 705 1629; x_wconf 89' lang='lat' dir='ltr'>sine</span> <span class='ocrx_word' id='word_1_212' title='bbox 746 1589 1018 1629; x_wconf 86' lang='lat' dir='ltr'>misericordia</span> <span class='ocrx_word' id='word_1_213' title='bbox 1044 1589 1269 1631; x_wconf 88' lang='lat' dir='ltr'>mercedem</span> <span class='ocrx_word' id='word_1_214' title='bbox 1294 1590 1597 1644; x_wconf 82' lang='lat' dir='ltr'>postulantium,</span> <span class='ocrx_word' id='word_1_215' title='bbox 1633 1588 1861 1630; x_wconf 89' lang='lat' dir='ltr'>morborum</span> <span class='ocrx_word' id='word_1_216' title='bbox 1887 1589 2065 1631; x_wconf 89' lang='lat' dir='ltr'>remedia</span> <span class='ocrx_word' id='word_1_217' title='bbox 2089 1591 2132 1631; x_wconf 90' lang='lat' dir='ltr'>in</span> <span class='ocrx_word' id='word_1_218' title='bbox 2157 1590 2237 1632; x_wconf 91' lang='lat' dir='ltr'>illis</span> <span class='ocrx_word' id='word_1_219' title='bbox 2264 1592 2433 1637; x_wconf 85' lang='lat' dir='ltr'>balineis</span> 
     </span>
     <span class='ocr_line' id='line_1_21' title="bbox 338 1654 2433 1710; baseline 0.002 -14"><span class='ocrx_word' id='word_1_220' title='bbox 338 1657 519 1696; x_wconf 91' lang='lat' dir='ltr'>invenire</span> <span class='ocrx_word' id='word_1_221' title='bbox 547 1659 718 1706; x_wconf 87' lang='lat' dir='ltr'>possent.</span> <span class='ocrx_word' id='word_1_222' title='bbox 774 1654 923 1694; x_wconf 89' lang='lat' dir='ltr'>Verum</span> <span class='ocrx_word' id='word_1_223' title='bbox 953 1655 1061 1694; x_wconf 91' lang='lat' dir='ltr'>enim</span> <span class='ocrx_word' id='word_1_224' title='bbox 1094 1669 1187 1695; x_wconf 89' lang='lat' dir='ltr'>vero</span> <span class='ocrx_word' id='word_1_225' title='bbox 1222 1655 1366 1695; x_wconf 85' lang='lat' dir='ltr'>medici</span> <span class='ocrx_word' id='word_1_226' title='bbox 1391 1654 1698 1706; x_wconf 47' lang='lat' dir='ltr'>Salernitaniffl)</span> <span class='ocrx_word' id='word_1_227' title='bbox 1725 1657 1810 1694; x_wconf 91' lang='lat' dir='ltr'>tam</span> <span class='ocrx_word' id='word_1_228' title='bbox 1841 1655 1979 1695; x_wconf 88' lang='lat' dir='ltr'>iniusti</span> <span class='ocrx_word' id='word_1_229' title='bbox 2016 1658 2131 1695; x_wconf 90' lang='lat' dir='ltr'>erant</span> <span class='ocrx_word' id='word_1_230' title='bbox 2167 1659 2207 1695; x_wconf 89' lang='lat' dir='ltr'>et</span> <span class='ocrx_word' id='word_1_231' title='bbox 2244 1659 2433 1710; x_wconf 87' lang='lat' dir='ltr'>crudeles,</span> 
     </span>
     <span class='ocr_line' id='line_1_22' title="bbox 337 1718 2434 1774; baseline 0.002 -11"><span class='ocrx_word' id='word_1_232' title='bbox 337 1725 387 1763; x_wconf 88' lang='lat' dir='ltr'>ut</span> <span class='ocrx_word' id='word_1_233' title='bbox 410 1720 612 1774; x_wconf 90' lang='lat' dir='ltr'>quondam</span> <span class='ocrx_word' id='word_1_234' title='bbox 637 1723 756 1761; x_wconf 88' lang='lat' dir='ltr'>noctu</span> <span class='ocrx_word' id='word_1_235' title='bbox 781 1719 833 1761; x_wconf 90' lang='lat' dir='ltr'>ad</span> <span class='ocrx_word' id='word_1_236' title='bbox 860 1719 951 1760; x_wconf 89' lang='lat' dir='ltr'>illas</span> <span class='ocrx_word' id='word_1_237' title='bbox 978 1719 1157 1761; x_wconf 85' lang='lat' dir='ltr'>balineas</span> <span class='ocrx_word' id='word_1_238' title='bbox 1183 1734 1282 1761; x_wconf 90' lang='lat' dir='ltr'>nave</span> <span class='ocrx_word' id='word_1_239' title='bbox 1309 1720 1411 1761; x_wconf 86' lang='lat' dir='ltr'>vecti</span> <span class='ocrx_word' id='word_1_240' title='bbox 1439 1723 1600 1761; x_wconf 86' lang='lat' dir='ltr'>cunctas</span> <span class='ocrx_word' id='word_1_241' title='bbox 1626 1718 1710 1760; x_wconf 89' lang='grc'>11110</span> <span class='ocrx_word' id='word_1_242' title='bbox 1734 1720 2013 1770; x_wconf 87' lang='lat' dir='ltr'>inscriptiones</span> <span class='ocrx_word' id='word_1_243' title='bbox 2034 1724 2075 1760; x_wconf 90' lang='lat' dir='ltr'>et</span> <span class='ocrx_word' id='word_1_244' title='bbox 2098 1720 2275 1771; x_wconf 83' lang='lat' dir='ltr'>picturas</span> <span class='ocrx_word' id='word_1_245' title='bbox 2294 1724 2434 1767; x_wconf 86' lang='lat' dir='ltr'>ferreis</span> 
     </span>
     <span class='ocr_line' id='line_1_23' title="bbox 339 1783 2430 1835; baseline 0.001 -9"><span class='ocrx_word' id='word_1_246' title='bbox 339 1786 617 1827; x_wconf 87' lang='lat' dir='ltr'>instrumentis</span> <span class='ocrx_word' id='word_1_247' title='bbox 644 1784 883 1825; x_wconf 86' lang='lat' dir='ltr'>abraderent</span> <span class='ocrx_word' id='word_1_248' title='bbox 910 1789 950 1825; x_wconf 90' lang='lat' dir='ltr'>et</span> <span class='ocrx_word' id='word_1_249' title='bbox 976 1784 1158 1825; x_wconf 88' lang='lat' dir='ltr'>aedificia</span> <span class='ocrx_word' id='word_1_250' title='bbox 1183 1785 1272 1835; x_wconf 90' lang='lat' dir='ltr'>ipsa</span> <span class='ocrx_word' id='word_1_251' title='bbox 1299 1784 1476 1825; x_wconf 82' lang='lat' dir='ltr'>funditus</span> <span class='ocrx_word' id='word_1_252' title='bbox 1510 1785 1772 1825; x_wconf 86' lang='lat' dir='ltr'>destruerent.</span> <span class='ocrx_word' id='word_1_253' title='bbox 1802 1798 1808 1809; x_wconf 77' lang='lat'><strong><em>¹</em></strong></span> <span class='ocrx_word' id='word_1_254' title='bbox 1833 1783 1992 1826; x_wconf 88' lang='lat' dir='ltr'>Iustitia</span> <span class='ocrx_word' id='word_1_255' title='bbox 2024 1788 2157 1826; x_wconf 85' lang='lat' dir='ltr'>autem</span> <span class='ocrx_word' id='word_1_256' title='bbox 2193 1785 2328 1830; x_wconf 89' lang='lat' dir='ltr'>divina</span> <span class='ocrx_word' id='word_1_257' title='bbox 2364 1803 2430 1832; x_wconf 88' lang='lat' dir='ltr'>eos</span> 
     </span>
     <span class='ocr_line' id='line_1_24' title="bbox 340 1848 2429 1904; baseline 0.002 -13"><span class='ocrx_word' id='word_1_258' title='bbox 340 1853 519 1902; x_wconf 82' lang='lat' dir='ltr'>punivit:</span> <span class='ocrx_word' id='word_1_259' title='bbox 558 1863 652 1889; x_wconf 87' lang='lat' dir='ltr'>nam</span> <span class='ocrx_word' id='word_1_260' title='bbox 681 1848 888 1890; x_wconf 90' lang='lat' dir='ltr'>Salernum</span> <span class='ocrx_word' id='word_1_261' title='bbox 911 1849 1081 1889; x_wconf 81' lang='lat' dir='ltr'>redituri</span> <span class='ocrx_word' id='word_1_262' title='bbox 1110 1850 1283 1889; x_wconf 86' lang='lat' dir='ltr'>terribili</span> <span class='ocrx_word' id='word_1_263' title='bbox 1325 1853 1561 1899; x_wconf 86' lang='lat' dir='ltr'>tempestate</span> <span class='ocrx_word' id='word_1_264' title='bbox 1590 1855 1726 1890; x_wconf 89' lang='lat' dir='ltr'>coorta</span> <span class='ocrx_word' id='word_1_265' title='bbox 1750 1850 1935 1890; x_wconf 85' lang='lat' dir='ltr'>fluctibus</span> <span class='ocrx_word' id='word_1_266' title='bbox 1959 1863 2082 1900; x_wconf 89' lang='lat' dir='ltr'>prope</span> <span class='ocrx_word' id='word_1_267' title='bbox 2109 1850 2310 1894; x_wconf 87' lang='lat' dir='ltr'>Minervae</span> <span class='ocrx_word' id='word_1_268' title='bbox 2337 1867 2429 1904; x_wconf 90' lang='lat' dir='ltr'>pro-</span> 
     </span>
     <span class='ocr_line' id='line_1_25' title="bbox 338 1911 2493 1966; baseline 0 -8"><span class='ocrx_word' id='word_1_269' title='bbox 338 1915 581 1958; x_wconf 90' lang='lat' dir='ltr'>montorium</span> <span class='ocrx_word' id='word_1_270' title='bbox 610 1913 899 1960; x_wconf 86' lang='lat' dir='ltr'>obruebantur,</span> <span class='ocrx_word' id='word_1_271' title='bbox 925 1926 1005 1953; x_wconf 90' lang='lat' dir='ltr'>uno</span> <span class='ocrx_word' id='word_1_272' title='bbox 1032 1916 1217 1964; x_wconf 86' lang='lat' dir='ltr'>excepto,</span> <span class='ocrx_word' id='word_1_273' title='bbox 1246 1914 1315 1966; x_wconf 86' lang='lat' dir='ltr'>qui</span> <span class='ocrx_word' id='word_1_274' title='bbox 1342 1926 1476 1954; x_wconf 91' lang='lat' dir='ltr'>casum</span> <span class='ocrx_word' id='word_1_275' title='bbox 1500 1914 1736 1955; x_wconf 59' lang='lat' dir='ltr'>nuntiaret}⁴</span> <span class='ocrx_word' id='word_1_276' title='bbox 1790 1911 1908 1964; x_wconf 88' lang='lat' dir='ltr'>Apud</span> <span class='ocrx_word' id='word_1_277' title='bbox 1934 1913 2136 1953; x_wconf 81' lang='lat' dir='ltr'>Conradum</span> <span class='ocrx_word' id='word_1_278' title='bbox 2164 1918 2205 1955; x_wconf 89' lang='lat' dir='ltr'>et</span> <span class='ocrx_word' id='word_1_279' title='bbox 2218 1917 2426 1959; x_wconf 75' lang='lat' dir='ltr'>Malleolum</span> <span class='ocrx_word' id='word_1_280' title='bbox 2490 1930 2493 1933; x_wconf 87' lang='lat'>·</span> 
     </span>
     <span class='ocr_line' id='line_1_26' title="bbox 335 1977 2427 2034; baseline 0.001 -10"><span class='ocrx_word' id='word_1_281' title='bbox 335 1995 459 2034; x_wconf 88' lang='lat' dir='ltr'>supra</span> <span class='ocrx_word' id='word_1_282' title='bbox 485 1978 665 2021; x_wconf 86' lang='lat' dir='ltr'>eiusdem</span> <span class='ocrx_word' id='word_1_283' title='bbox 691 1977 751 2017; x_wconf 88' lang='lat' dir='ltr'>rei</span> <span class='ocrx_word' id='word_1_284' title='bbox 778 1977 1019 2017; x_wconf 85' lang='lat' dir='ltr'>mentionem</span> <span class='ocrx_word' id='word_1_285' title='bbox 1045 1979 1302 2028; x_wconf 91' lang='lat' dir='ltr'>reperimus</span> <span class='ocrx_word' id='word_1_286' title='bbox 1331 1978 1494 2019; x_wconf 82' lang='lat' dir='ltr'>Constat</span> <span class='ocrx_word' id='word_1_287' title='bbox 1519 1992 1613 2020; x_wconf 91' lang='lat' dir='ltr'>vero</span> <span class='ocrx_word' id='word_1_288' title='bbox 1639 1979 1838 2027; x_wconf 90' lang='lat' dir='ltr'>Puteolos,</span> <span class='ocrx_word' id='word_1_289' title='bbox 1863 1982 1993 2020; x_wconf 79' lang='lat' dir='ltr'>terrae</span> <span class='ocrx_word' id='word_1_290' title='bbox 2013 1982 2183 2021; x_wconf 88' lang='lat' dir='ltr'>tremore</span> <span class='ocrx_word' id='word_1_291' title='bbox 2197 1994 2302 2023; x_wconf 88' lang='lat' dir='ltr'>anno</span> <span class='ocrx_word' id='word_1_292' title='bbox 2317 1986 2427 2033; x_wconf 85' lang='lat'>1538,</span> 
     </span>
     <span class='ocr_line' id='line_1_27' title="bbox 337 2042 2423 2096; baseline 0 -7"><span class='ocrx_word' id='word_1_293' title='bbox 337 2049 402 2090; x_wconf 90' lang='lat' dir='ltr'>die</span> <span class='ocrx_word' id='word_1_294' title='bbox 441 2051 504 2089; x_wconf 87' lang='lat'>29.</span> <span class='ocrx_word' id='word_1_295' title='bbox 535 2046 643 2095; x_wconf 89' lang='lat' dir='ltr'>Sept.</span> <span class='ocrx_word' id='word_1_296' title='bbox 685 2042 909 2093; x_wconf 88' lang='lat' dir='ltr'>prolapsos,</span> <span class='ocrx_word' id='word_1_297' title='bbox 946 2043 1177 2093; x_wconf 90' lang='lat' dir='ltr'>opulentum</span> <span class='ocrx_word' id='word_1_298' title='bbox 1215 2044 1415 2096; x_wconf 91' lang='lat' dir='ltr'>quondam</span> <span class='ocrx_word' id='word_1_299' title='bbox 1444 2044 1709 2084; x_wconf 88' lang='lat' dir='ltr'>Romanorum</span> <span class='ocrx_word' id='word_1_300' title='bbox 1747 2044 1935 2095; x_wconf 89' lang='lat' dir='ltr'>oppidum</span> <span class='ocrx_word' id='word_1_301' title='bbox 1973 2045 2149 2095; x_wconf 88' lang='lat' dir='ltr'>emporio</span> <span class='ocrx_word' id='word_1_302' title='bbox 2176 2058 2245 2087; x_wconf 91' lang='lat' dir='ltr'>suo</span> <span class='ocrx_word' id='word_1_303' title='bbox 2282 2047 2423 2089; x_wconf 90' lang='lat' dir='ltr'>floren—</span> 
     </span>
     <span class='ocr_line' id='line_1_28' title="bbox 337 2107 2429 2165; baseline 0 -12"><span class='ocrx_word' id='word_1_304' title='bbox 337 2112 537 2154; x_wconf 67' lang='lat' dir='ltr'>tissimum</span> <span class='ocrx_word' id='word_1_305' title='bbox 572 2109 694 2150; x_wconf 82' lang='lat' dir='ltr'>fuisse</span> <span class='ocrx_word' id='word_1_306' title='bbox 732 2107 867 2159; x_wconf 91' lang='lat' dir='ltr'>ibique</span> <span class='ocrx_word' id='word_1_307' title='bbox 904 2108 946 2148; x_wconf 89' lang='lat' dir='ltr'>in</span> <span class='ocrx_word' id='word_1_308' title='bbox 982 2121 1105 2149; x_wconf 88' lang='lat' dir='ltr'>arena</span> <span class='ocrx_word' id='word_1_309' title='bbox 1140 2108 1391 2150; x_wconf 87' lang='lat' dir='ltr'>Diocletiano</span> <span class='ocrx_word' id='word_1_310' title='bbox 1433 2110 1654 2161; x_wconf 87' lang='lat' dir='ltr'>imperante</span> <span class='ocrx_word' id='word_1_311' title='bbox 1691 2110 1763 2150; x_wconf 73' lang='lat' dir='ltr'>Set.</span> <span class='ocrx_word' id='word_1_312' title='bbox 1799 2112 2037 2158; x_wconf 68' lang='lat' dir='ltr'>Ianuarium,</span> <span class='ocrx_word' id='word_1_313' title='bbox 2078 2109 2239 2164; x_wconf 88' lang='lat' dir='ltr'>Virgilii</span> <span class='ocrx_word' id='word_1_314' title='bbox 2274 2113 2318 2154; x_wconf 92' lang='lat' dir='ltr'>in</span> <span class='ocrx_word' id='word_1_315' title='bbox 2358 2115 2429 2165; x_wconf 86' lang='lat' dir='ltr'>pia</span> 
     </span>
     <span class='ocr_line' id='line_1_29' title="bbox 334 2173 2426 2229; baseline 0 -10"><span class='ocrx_word' id='word_1_316' title='bbox 334 2177 690 2229; x_wconf 83' lang='lat' dir='ltr'>Neapolitanorum</span> <span class='ocrx_word' id='word_1_317' title='bbox 716 2174 991 2213; x_wconf 85' lang='lat' dir='ltr'>aestimatione</span> <span class='ocrx_word' id='word_1_318' title='bbox 1018 2174 1131 2225; x_wconf 87' lang='lat' dir='ltr'>quasi</span> <span class='ocrx_word' id='word_1_319' title='bbox 1159 2173 1422 2215; x_wconf 81' lang='lat' dir='ltr'>successorem</span> <span class='ocrx_word' id='word_1_320' title='bbox 1443 2174 1504 2216; x_wconf 90' lang='lat' dir='ltr'>vel</span> <span class='ocrx_word' id='word_1_321' title='bbox 1531 2174 1748 2223; x_wconf 89' lang='lat' dir='ltr'>aemulum,</span> <span class='ocrx_word' id='word_1_322' title='bbox 1771 2187 1845 2227; x_wconf 94' lang='lat' dir='ltr'>pro</span> <span class='ocrx_word' id='word_1_323' title='bbox 1869 2188 1913 2215; x_wconf 93' lang='lat' dir='ltr'>re</span> <span class='ocrx_word' id='word_1_324' title='bbox 1931 2174 2156 2216; x_wconf 89' lang='lat' dir='ltr'>Christiana</span> <span class='ocrx_word' id='word_1_325' title='bbox 2179 2176 2302 2219; x_wconf 89' lang='lat' dir='ltr'>vitam</span> <span class='ocrx_word' id='word_1_326' title='bbox 2319 2191 2426 2222; x_wconf 90' lang='lat' dir='ltr'>anno</span> 
     </span>
    </p>
   </div>
   <div class='ocr_carea' id='block_1_5' title="bbox 334 2242 675 2294">
    <p class='ocr_par' dir='ltr' id='par_1_6' title="bbox 334 2242 675 2294">
     <span class='ocr_line' id='line_1_30' title="bbox 334 2242 675 2294; baseline -0.015 -8"><span class='ocrx_word' id='word_1_327' title='bbox 334 2248 412 2288; x_wconf 87' lang='grc'>305</span> <span class='ocrx_word' id='word_1_328' title='bbox 440 2242 675 2294; x_wconf 72' lang='lat' dir='ltr'>profudisse.</span> 
     </span>
    </p>
   </div>
   <div class='ocr_carea' id='block_1_6' title="bbox 378 2315 2382 2415">
    <p class='ocr_par' dir='ltr' id='par_1_7' title="bbox 378 2315 2382 2415">
     <span class='ocr_line' id='line_1_31' title="bbox 378 2315 2382 2360; baseline 0 -9"><span class='ocrx_word' id='word_1_329' title='bbox 378 2319 494 2353; x_wconf 83' lang='lat' dir='ltr'>XIII.</span> <span class='ocrx_word' id='word_1_330' title='bbox 538 2317 726 2359; x_wconf 71' lang='lat' dir='ltr'>vii-gilius</span> <span class='ocrx_word' id='word_1_331' title='bbox 750 2316 919 2359; x_wconf 77' lang='lat' dir='ltr'>cryptam</span> <span class='ocrx_word' id='word_1_332' title='bbox 941 2324 1011 2358; x_wconf 87' lang='lat' dir='ltr'>per</span> <span class='ocrx_word' id='word_1_333' title='bbox 1037 2316 1281 2359; x_wconf 74' lang='lat' dir='ltr'>Pausilypum</span> <span class='ocrx_word' id='word_1_334' title='bbox 1304 2316 1519 2350; x_wconf 79' lang='lat' dir='ltr'>fodiendam</span> <span class='ocrx_word' id='word_1_335' title='bbox 1542 2317 1652 2351; x_wconf 84' lang='lat' dir='ltr'>curat</span> <span class='ocrx_word' id='word_1_336' title='bbox 1674 2324 1793 2359; x_wconf 79' lang='lat' dir='ltr'>eaque</span> <span class='ocrx_word' id='word_1_337' title='bbox 1819 2315 1962 2350; x_wconf 72' lang='lat' dir='ltr'>virtute</span> <span class='ocrx_word' id='word_1_338' title='bbox 1984 2316 2166 2360; x_wconf 83' lang='lat' dir='ltr'>exornat,</span> <span class='ocrx_word' id='word_1_339' title='bbox 2189 2317 2232 2352; x_wconf 90' lang='lat' dir='ltr'>ut</span> <span class='ocrx_word' id='word_1_340' title='bbox 2256 2318 2382 2352; x_wconf 81' lang='lat' dir='ltr'>omnia</span> 
     </span>
     <span class='ocr_line' id='line_1_32' title="bbox 947 2371 1817 2415; baseline 0 -9"><span class='ocrx_word' id='word_1_341' title='bbox 947 2371 1223 2415; x_wconf 81' lang='lat' dir='ltr'>permeantium</span> <span class='ocrx_word' id='word_1_342' title='bbox 1244 2382 1364 2415; x_wconf 80' lang='lat' dir='ltr'>prava</span> <span class='ocrx_word' id='word_1_343' title='bbox 1386 2371 1549 2408; x_wconf 81' lang='lat' dir='ltr'>consula</span> <span class='ocrx_word' id='word_1_344' title='bbox 1570 2372 1687 2406; x_wconf 83' lang='lat' dir='ltr'>irrita</span> <span class='ocrx_word' id='word_1_345' title='bbox 1708 2371 1817 2406; x_wconf 67' lang='lat' dir='ltr'>flant.</span> 
     </span>
    </p>
   </div>
   <div class='ocr_carea' id='block_1_7' title="bbox 328 2426 2422 2674">
    <p class='ocr_par' dir='ltr' id='par_1_8' title="bbox 328 2426 2422 2674">
     <span class='ocr_line' id='line_1_33' title="bbox 441 2426 2422 2481; baseline -0.002 -10"><span class='ocrx_word' id='word_1_346' title='bbox 441 2431 528 2471; x_wconf 86' lang='lat' dir='ltr'>Iam</span> <span class='ocrx_word' id='word_1_347' title='bbox 557 2442 680 2480; x_wconf 90' lang='lat' dir='ltr'>supra</span> <span class='ocrx_word' id='word_1_348' title='bbox 693 2429 893 2469; x_wconf 81' lang='lat' dir='ltr'>Gonradum</span> <span class='ocrx_word' id='word_1_349' title='bbox 923 2428 1090 2481; x_wconf 86' lang='lat' dir='ltr'>legimus</span> <span class='ocrx_word' id='word_1_350' title='bbox 1116 2440 1189 2478; x_wconf 91' lang='lat' dir='ltr'>per</span> <span class='ocrx_word' id='word_1_351' title='bbox 1214 2431 1390 2468; x_wconf 78' lang='lat' dir='ltr'>montem</span> <span class='ocrx_word' id='word_1_352' title='bbox 1416 2427 1637 2468; x_wconf 86' lang='lat' dir='ltr'>Barbarum</span> <span class='ocrx_word' id='word_1_353' title='bbox 1666 2426 1827 2467; x_wconf 91' lang='lat' dir='ltr'>ductum</span> <span class='ocrx_word' id='word_1_354' title='bbox 1854 2426 1964 2466; x_wconf 89' lang='lat' dir='ltr'>illam</span> <span class='ocrx_word' id='word_1_355' title='bbox 1990 2426 2096 2466; x_wconf 89' lang='lat' dir='ltr'>viam</span> <span class='ocrx_word' id='word_1_356' title='bbox 2123 2426 2422 2468; x_wconf 86' lang='lat' dir='ltr'>subterraneam</span> 
     </span>
     <span class='ocr_line' id='line_1_34' title="bbox 328 2489 2419 2548; baseline -0.002 -11"><span class='ocrx_word' id='word_1_357' title='bbox 328 2500 521 2548; x_wconf 82' lang='lat' dir='ltr'>tanquam</span> <span class='ocrx_word' id='word_1_358' title='bbox 549 2494 602 2534; x_wconf 91' lang='lat' dir='ltr'>ad</span> <span class='ocrx_word' id='word_1_359' title='bbox 627 2493 775 2535; x_wconf 88' lang='lat' dir='ltr'>inferos</span> <span class='ocrx_word' id='word_1_360' title='bbox 804 2491 1082 2532; x_wconf 89' lang='lat' dir='ltr'>descensurum</span> <span class='ocrx_word' id='word_1_361' title='bbox 1106 2492 1286 2534; x_wconf 88' lang='lat' dir='ltr'>intrasse.</span> <span class='ocrx_word' id='word_1_362' title='bbox 1341 2492 1418 2541; x_wconf 85' lang='lat' dir='ltr'>Qui</span> <span class='ocrx_word' id='word_1_363' title='bbox 1437 2504 1547 2540; x_wconf 90' lang='lat' dir='ltr'>cum,</span> <span class='ocrx_word' id='word_1_364' title='bbox 1573 2492 1685 2533; x_wconf 89' lang='lat' dir='ltr'>nulla</span> <span class='ocrx_word' id='word_1_365' title='bbox 1710 2490 1870 2544; x_wconf 89' lang='lat' dir='ltr'>quidem</span> <span class='ocrx_word' id='word_1_366' title='bbox 1887 2489 2047 2543; x_wconf 86' lang='lat' dir='ltr'>Virgilii</span> <span class='ocrx_word' id='word_1_367' title='bbox 2072 2491 2272 2532; x_wconf 88' lang='lat' dir='ltr'>mentione</span> <span class='ocrx_word' id='word_1_368' title='bbox 2301 2490 2419 2540; x_wconf 83' lang='lat' dir='ltr'>facta,</span> 
     </span>
     <span class='ocr_line' id='line_1_35' title="bbox 329 2556 2417 2611; baseline -0.002 -8"><span class='ocrx_word' id='word_1_369' title='bbox 329 2562 379 2603; x_wconf 91' lang='lat' dir='ltr'>de</span> <span class='ocrx_word' id='word_1_370' title='bbox 405 2562 519 2602; x_wconf 92' lang='lat' dir='ltr'>miris</span> <span class='ocrx_word' id='word_1_371' title='bbox 546 2559 630 2600; x_wconf 90' lang='lat' dir='ltr'>illic</span> <span class='ocrx_word' id='word_1_372' title='bbox 657 2558 836 2611; x_wconf 89' lang='lat' dir='ltr'>palatiis,</span> <span class='ocrx_word' id='word_1_373' title='bbox 863 2556 991 2597; x_wconf 91' lang='lat' dir='ltr'>fluviis</span> <span class='ocrx_word' id='word_1_374' title='bbox 1018 2557 1208 2599; x_wconf 85' lang='lat' dir='ltr'>ferventis</span> <span class='ocrx_word' id='word_1_375' title='bbox 1236 2571 1383 2610; x_wconf 85' lang='lat' dir='ltr'>aquae,</span> <span class='ocrx_word' id='word_1_376' title='bbox 1409 2571 1548 2611; x_wconf 88' lang='lat' dir='ltr'>regum</span> <span class='ocrx_word' id='word_1_377' title='bbox 1574 2557 1773 2600; x_wconf 88' lang='lat' dir='ltr'>thesauris</span> <span class='ocrx_word' id='word_1_378' title='bbox 1792 2557 1835 2597; x_wconf 95' lang='lat' dir='ltr'>in</span> <span class='ocrx_word' id='word_1_379' title='bbox 1855 2558 2001 2599; x_wconf 91' lang='lat' dir='ltr'>montis</span> <span class='ocrx_word' id='word_1_380' title='bbox 2019 2557 2234 2599; x_wconf 87' lang='lat' dir='ltr'>visceribus</span> <span class='ocrx_word' id='word_1_381' title='bbox 2253 2557 2417 2600; x_wconf 87' lang='lat' dir='ltr'>abscon-</span> 
     </span>
     <span class='ocr_line' id='line_1_36' title="bbox 328 2622 2422 2674; baseline -0.002 -6"><span class='ocrx_word' id='word_1_382' title='bbox 328 2628 422 2668; x_wconf 88' lang='lat' dir='ltr'>ditis</span> <span class='ocrx_word' id='word_1_383' title='bbox 449 2631 491 2668; x_wconf 87' lang='lat' dir='ltr'>et</span> <span class='ocrx_word' id='word_1_384' title='bbox 517 2641 543 2667; x_wconf 91' lang='lat' dir='ltr'>a</span> <span class='ocrx_word' id='word_1_385' title='bbox 565 2625 828 2667; x_wconf 90' lang='lat' dir='ltr'>daemonibus</span> <span class='ocrx_word' id='word_1_386' title='bbox 862 2623 1071 2664; x_wconf 80' lang='lat' dir='ltr'>custoditis</span> <span class='ocrx_word' id='word_1_387' title='bbox 1105 2622 1321 2670; x_wconf 84' lang='lat' dir='ltr'>fabuletur,</span> <span class='ocrx_word' id='word_1_388' title='bbox 1360 2624 1544 2664; x_wconf 73' lang='lat' dir='ltr'>Vmanius</span> <span class='ocrx_word' id='word_1_389' title='bbox 1568 2637 1658 2664; x_wconf 90' lang='lat' dir='ltr'>cum</span> <span class='ocrx_word' id='word_1_390' title='bbox 1677 2624 1850 2663; x_wconf 62' lang='lat' dir='ltr'>Gerous-ab</span> <span class='ocrx_word' id='word_1_391' title='bbox 1884 2622 2102 2674; x_wconf 89' lang='lat' dir='ltr'>simplicius</span> <span class='ocrx_word' id='word_1_392' title='bbox 2137 2622 2303 2664; x_wconf 89' lang='lat' dir='ltr'>eandem</span> <span class='ocrx_word' id='word_1_393' title='bbox 2336 2636 2422 2664; x_wconf 89' lang='lat' dir='ltr'>rem</span> 
     </span>
    </p>
   </div>
   <div class='ocr_carea' id='block_1_8' title="bbox 334 2711 594 2721">
    <p class='ocr_par' dir='ltr' id='par_1_9' title="bbox 334 2711 594 2721">
     <span class='ocr_line' id='line_1_37' title="bbox 334 2711 594 2721; baseline 0 0"><span class='ocrx_word' id='word_1_394' title='bbox 334 2711 594 2721; x_wconf 95' lang='lat' dir='ltr'> </span> 
     </span>
    </p>
   </div>
   <div class='ocr_carea' id='block_1_9' title="bbox 317 2742 2423 3070">
    <p class='ocr_par' dir='ltr' id='par_1_10' title="bbox 317 2742 2423 3070">
     <span class='ocr_line' id='line_1_38' title="bbox 326 2742 2423 2795; baseline -0.003 -6"><span class='ocrx_word' id='word_1_395' title='bbox 326 2754 541 2789; x_wconf 83' lang='lat' dir='ltr'>daemonibus</span> <span class='ocrx_word' id='word_1_396' title='bbox 571 2755 605 2788; x_wconf 89' lang='lat' dir='ltr'>in</span> <span class='ocrx_word' id='word_1_397' title='bbox 634 2755 757 2788; x_wconf 84' lang='lat' dir='ltr'>vitreas</span> <span class='ocrx_word' id='word_1_398' title='bbox 791 2754 929 2795; x_wconf 84' lang='lat' dir='ltr'>lagenas</span> <span class='ocrx_word' id='word_1_399' title='bbox 959 2751 1173 2785; x_wconf 80' lang='lat' dir='ltr'>incarceratis</span> <span class='ocrx_word' id='word_1_400' title='bbox 1205 2755 1332 2793; x_wconf 84' lang='lat' dir='ltr'>septem</span> <span class='ocrx_word' id='word_1_401' title='bbox 1354 2750 1507 2785; x_wconf 83' lang='lat' dir='ltr'>liberales</span> <span class='ocrx_word' id='word_1_402' title='bbox 1540 2756 1630 2785; x_wconf 85' lang='lat' dir='ltr'>artes</span> <span class='ocrx_word' id='word_1_403' title='bbox 1652 2751 1804 2785; x_wconf 84' lang='lat' dir='ltr'>didicisse</span> <span class='ocrx_word' id='word_1_404' title='bbox 1833 2755 1866 2785; x_wconf 83' lang='lat' dir='ltr'>et</span> <span class='ocrx_word' id='word_1_405' title='bbox 1896 2751 1961 2784; x_wconf 76' lang='lat' dir='ltr'>iam</span> <span class='ocrx_word' id='word_1_406' title='bbox 1984 2750 2115 2784; x_wconf 80' lang='lat' dir='ltr'>salomo</span> <span class='ocrx_word' id='word_1_407' title='bbox 2137 2755 2189 2784; x_wconf 84' lang='lat' dir='ltr'>ter</span> <span class='ocrx_word' id='word_1_408' title='bbox 2210 2750 2299 2784; x_wconf 89' lang='lat' dir='ltr'>mille</span> <span class='ocrx_word' id='word_1_409' title='bbox 2320 2742 2423 2783; x_wconf 84' lang='lat' dir='ltr'>millia</span> 
     </span>
     <span class='ocr_line' id='line_1_39' title="bbox 323 2801 2417 2852; baseline -0.004 -8"><span class='ocrx_word' id='word_1_410' title='bbox 323 2810 521 2845; x_wconf 89' lang='lat' dir='ltr'>daemonum</span> <span class='ocrx_word' id='word_1_411' title='bbox 536 2810 697 2844; x_wconf 84' lang='lat' dir='ltr'>malorum</span> <span class='ocrx_word' id='word_1_412' title='bbox 710 2810 745 2843; x_wconf 92' lang='lat' dir='ltr'>in</span> <span class='ocrx_word' id='word_1_413' title='bbox 761 2807 914 2852; x_wconf 87' lang='lat' dir='ltr'>ampullis</span> <span class='ocrx_word' id='word_1_414' title='bbox 927 2807 1039 2841; x_wconf 86' lang='lat' dir='ltr'>vitreis</span> <span class='ocrx_word' id='word_1_415' title='bbox 1052 2806 1182 2840; x_wconf 88' lang='lat' dir='ltr'>inclusa</span> <span class='ocrx_word' id='word_1_416' title='bbox 1194 2814 1298 2847; x_wconf 91' lang='lat' dir='ltr'>prope</span> <span class='ocrx_word' id='word_1_417' title='bbox 1313 2803 1517 2848; x_wconf 81' lang='lat' dir='ltr'>Babylonem</span> <span class='ocrx_word' id='word_1_418' title='bbox 1535 2804 1570 2838; x_wconf 86' lang='lat' dir='ltr'>in</span> <span class='ocrx_word' id='word_1_419' title='bbox 1585 2807 1687 2847; x_wconf 86' lang='lat' dir='ltr'>puteo</span> <span class='ocrx_word' id='word_1_420' title='bbox 1701 2803 1844 2847; x_wconf 85' lang='lat' dir='ltr'>quodam</span> <span class='ocrx_word' id='word_1_421' title='bbox 1857 2802 2022 2847; x_wconf 85' lang='lat' dir='ltr'>profundo</span> <span class='ocrx_word' id='word_1_422' title='bbox 2040 2803 2226 2838; x_wconf 85' lang='lat' dir='ltr'>condidisse</span> <span class='ocrx_word' id='word_1_423' title='bbox 2237 2801 2417 2838; x_wconf 82' lang='lat' dir='ltr'>ferebatur.</span> 
     </span>
     <span class='ocr_line' id='line_1_40' title="bbox 457 2857 2423 2908; baseline -0.005 -9"><span class='ocrx_word' id='word_1_424' title='bbox 457 2866 490 2905; x_wconf 72' lang='lat'>⁴¹)</span> <span class='ocrx_word' id='word_1_425' title='bbox 516 2865 667 2899; x_wconf 88' lang='lat' dir='ltr'>Duorum</span> <span class='ocrx_word' id='word_1_426' title='bbox 688 2864 978 2908; x_wconf 83' lang='lat' dir='ltr'>praestigiatorum</span> <span class='ocrx_word' id='word_1_427' title='bbox 1000 2861 1148 2895; x_wconf 82' lang='lat' dir='ltr'>eiusdem</span> <span class='ocrx_word' id='word_1_428' title='bbox 1170 2861 1311 2894; x_wconf 91' lang='lat' dir='ltr'>nominis</span> <span class='ocrx_word' id='word_1_429' title='bbox 1332 2862 1465 2892; x_wconf 74' lang='lat' dir='ltr'>Klinsor</span> <span class='ocrx_word' id='word_1_430' title='bbox 1495 2861 1528 2893; x_wconf 90' lang='lat' dir='ltr'>in</span> <span class='ocrx_word' id='word_1_431' title='bbox 1553 2861 1684 2902; x_wconf 85' lang='lat' dir='ltr'>scriptis</span> <span class='ocrx_word' id='word_1_432' title='bbox 1714 2860 1812 2894; x_wconf 89' lang='lat' dir='ltr'>medii</span> <span class='ocrx_word' id='word_1_433' title='bbox 1842 2860 1917 2893; x_wconf 86' lang='lat' dir='ltr'>aevi</span> <span class='ocrx_word' id='word_1_434' title='bbox 1947 2868 2047 2902; x_wconf 85' lang='lat' dir='ltr'>saepe</span> <span class='ocrx_word' id='word_1_435' title='bbox 2077 2859 2336 2897; x_wconf 83' lang='lat' dir='ltr'>celebratorum,</span> <span class='ocrx_word' id='word_1_436' title='bbox 2365 2857 2423 2891; x_wconf 86' lang='lat' dir='ltr'>ille</span> 
     </span>
     <span class='ocr_line' id='line_1_41' title="bbox 321 2913 1697 2961; baseline -0.004 -9"><span class='ocrx_word' id='word_1_437' title='bbox 321 2918 380 2961; x_wconf 87' lang='lat' dir='ltr'>qui</span> <span class='ocrx_word' id='word_1_438' title='bbox 402 2918 497 2960; x_wconf 91' lang='lat' dir='ltr'>prius</span> <span class='ocrx_word' id='word_1_439' title='bbox 522 2919 643 2951; x_wconf 79' lang='lat' dir='ltr'>vixisse</span> <span class='ocrx_word' id='word_1_440' title='bbox 665 2919 878 2956; x_wconf 83' lang='lat' dir='ltr'>credebatur,</span> <span class='ocrx_word' id='word_1_441' title='bbox 902 2916 935 2948; x_wconf 91' lang='lat' dir='ltr'>in</span> <span class='ocrx_word' id='word_1_442' title='bbox 957 2916 1013 2948; x_wconf 89' lang='lat' dir='ltr'>illo</span> <span class='ocrx_word' id='word_1_443' title='bbox 1036 2915 1122 2948; x_wconf 91' lang='lat' dir='ltr'>libro</span> <span class='ocrx_word' id='word_1_444' title='bbox 1144 2919 1182 2947; x_wconf 90' lang='lat' dir='ltr'>ut</span> <span class='ocrx_word' id='word_1_445' title='bbox 1214 2915 1341 2956; x_wconf 67' lang='lat' dir='ltr'>Virgilii</span> <span class='ocrx_word' id='word_1_446' title='bbox 1359 2926 1455 2955; x_wconf 70' lang='lat' dir='ltr'>nepos</span> <span class='ocrx_word' id='word_1_447' title='bbox 1477 2913 1697 2955; x_wconf 83' lang='lat' dir='ltr'>praedicatur.</span> 
     </span>
     <span class='ocr_line' id='line_1_42' title="bbox 438 2964 2414 3013; baseline -0.005 -8"><span class='ocrx_word' id='word_1_448' title='bbox 438 2972 492 3013; x_wconf 76' lang='lat'>**)</span> <span class='ocrx_word' id='word_1_449' title='bbox 522 2972 643 3006; x_wconf 88' lang='lat' dir='ltr'>Schola</span> <span class='ocrx_word' id='word_1_450' title='bbox 665 2972 891 3010; x_wconf 85' lang='lat' dir='ltr'>Salernitana,</span> <span class='ocrx_word' id='word_1_451' title='bbox 915 2970 1129 3004; x_wconf 81' lang='lat' dir='ltr'>celeberrima</span> <span class='ocrx_word' id='word_1_452' title='bbox 1151 2969 1208 3003; x_wconf 91' lang='lat' dir='ltr'>illa</span> <span class='ocrx_word' id='word_1_453' title='bbox 1231 2972 1360 3007; x_wconf 86' lang='lat' dir='ltr'>aetate,</span> <span class='ocrx_word' id='word_1_454' title='bbox 1386 2968 1479 3001; x_wconf 89' lang='lat' dir='ltr'>cuius</span> <span class='ocrx_word' id='word_1_455' title='bbox 1511 2966 1754 3001; x_wconf 84' lang='lat' dir='ltr'>valetudinario</span> <span class='ocrx_word' id='word_1_456' title='bbox 1782 2967 1976 3008; x_wconf 86' lang='lat' dir='ltr'>inscriptum</span> <span class='ocrx_word' id='word_1_457' title='bbox 2009 2970 2100 3000; x_wconf 84' lang='lat' dir='ltr'>erat:</span> <span class='ocrx_word' id='word_1_458' title='bbox 2142 2964 2241 3005; x_wconf 84' lang='lat' dir='ltr'>„Non</span> <span class='ocrx_word' id='word_1_459' title='bbox 2266 2968 2414 3004; x_wconf 86' lang='lat' dir='ltr'>curatur,</span> 
     </span>
     <span class='ocr_line' id='line_1_43' title="bbox 317 3026 533 3070; baseline -0.009 -9"><span class='ocrx_word' id='word_1_460' title='bbox 317 3026 376 3070; x_wconf 90' lang='lat' dir='ltr'>qui</span> <span class='ocrx_word' id='word_1_461' title='bbox 399 3028 533 3060; x_wconf 84' lang='lat' dir='ltr'>curat.“</span> 
     </span>
    </p>
   </div>
  </div>
 </body>
</html>
