2781 3609
346 333 397 373 80

339 437 403 479 ed.
428 438 540 480 Giles
567 452 605 490 p.
641 438 730 492 125)
756 440 911 485 narrat,
939 450 980 478 se
1005 438 1232 478 Ludwioum
1261 437 1461 490 quendam
1480 442 1654 490 stoicum,
1689 440 1735 480 in
1757 439 1904 491 Apulia
1928 440 2101 483 diutius
2111 450 2435 507 comtum,

340 504 507 553 vidisse,
535 505 627 557 qui,
654 509 744 556 post
770 504 914 545 multas
937 503 1114 556 vigilias,
1151 504 1311 558 longa
1300 505 1465 563 ieiunia,
1501 502 1659 545 labores
1685 503 1876 555 plurimos
1901 507 1944 547 et
1968 505 2153 556 sudores,
2180 512 2304 554 -ιιιιο
2323 511 2434 555 ,infe-

341 569 431 611 licis
466 574 508 611 et
545 569 698 610 inutilis
734 569 845 610 exilii
883 572 1070 622 quaestu,
1108 570 1153 610 in
1188 569 1340 611 Gallias
1365 554 1526 623 Virgilii
1559 582 1649 611 ossa
1682 570 1816 622 potius
1850 583 1972 623 quam
2006 583 2165 614 samm
2195 581 2440 635 Μ

342 635 513 675 Rothius
540 635 565 676 l
592 635 617 674 L
645 634 869 674 acutissime
910 633 1185 675 demonstrare
1220 638 1404 682 conatur,
1432 648 1483 676 ex
1516 633 1586 674 illo
1612 627 1802 675 Ludovici
1830 635 1994 685 itinere,
2025 637 2158 678 medio
2193 639 2330 681 mulo
2350 642 2435 685 ΣΠ

342 704 543 752 suscepto,
573 713 621 740 ex
643 697 818 740 eiusdem
844 697 895 740 de
921 702 1075 769 poetae
1091 698 1263 751 sepulcri
1288 697 1559 752 indagatione,
1585 698 1691 770 quod
1718 698 1933 741 secundum
1942 700 2176 744 Gervasiun
2192 702 2441 748 iamdudum

344 764 387 804 in
416 763 614 804 oblivione
641 761 850 808 iacuisset,
879 774 929 801 ex
955 761 1102 801 civium
1124 761 1342 814 agitatione
1360 764 1401 801 et
1413 749 1675 804 concitatione
1700 763 1941 813 animemur,
1967 778 2070 818 quae
2095 767 2181 808 eius
2204 773 2431 820 ponemin—

342 822 470 869 tiones
497 830 728 879 sequeretur
754 838 917 867 necesse
943 824 1104 873 fuisset',
1134 825 1303 875 primam
1326 825 1377 867 de
1399 828 1553 880 magica
1577 828 1752 901 quadam
1778 833 1819 871 et
1844 834 2076 882 portentosa
2087 831 2249 886 Virgilii
2276 837 2424 877 natura

342 894 546 934 notionem
572 896 613 933 et
635 891 730 931 inde
758 890 915 931 fabulas
946 891 1055 942 ipsas
1079 889 1246 942 Neapoli
1273 894 1379 931 ortas
1407 904 1505 933 esse.
1557 892 1668 941 Quae
1702 893 1737 934 si
1765 907 1858 936 vera
1883 899 1995 946 sunt,
2031 897 2224 951 singulari
2258 899 2442 953 quodam

341 958 459 998 modo
485 958 555 997 ille
582 957 743 1009 Virgilii
772 970 932 998 versus:
969 957 1178 1005 „Exoriare
1215 955 1359 1007 aliquis
1384 956 1530 995 nostris
1556 969 1607 996 ex
1632 957 1786 998 ossibus
1810 958 1945 1006 ult0r“,
1972 973 1998 1001 a
2024 961 2248 1004 miserrima
2275 963 2432 1005 Didone

342 1026 457 1079 (Aen.
480 1024 548 1073 IV,
568 1027 662 1075 625)
686 1023 947 1073 exclamatus,
975 1024 1017 1063 in
1040 1025 1200 1074 poetam
1225 1022 1355 1073 ipsum
1370 1021 1512 1063 cadere
1528 1021 1720 1072 videatur,
1745 1024 1894 1076 quippe
1912 1025 1984 1078 qui
2002 1026 2172 1071 ultorem
2191 1028 2348 1071 futurae
2370 1030 2436 1072 sui

345 1090 556 1131 oblivionis
573 1089 860 1142 provocaverit.
902 1089 1084 1129 Fortasse
1101 1099 1194 1127 vero
1224 1087 1322 1128 satis
1343 1088 1421 1128 erit
1446 1092 1639 1137 statuere,
1665 1089 1773 1130 illius
1792 1090 1911 1144 Angli
1929 1091 2158 1141 adventum,
2184 1107 2271 1135 rem
2290 1095 2430 1147 ipsam,

340 1169 443 1207 quae
468 1155 551 1196 iam
571 1153 723 1194 dudum
749 1154 793 1194 in
810 1154 1013 1194 hominum
1030 1151 1220 1192 memoria
1237 1151 1450 1202 latitasset,
1476 1152 1529 1194 ad
1545 1157 1747 1195 recentem
1762 1156 1939 1208 vigorem
1967 1158 2173 1206 excitasse,
2193 1172 2291 1200 cum
2327 1164 2437 1202 certe

340 1220 412 1259 illa
432 1219 521 1270 ipsa
552 1218 756 1271 peregrini
784 1218 954 1258 hominis
970 1218 1176 1258 curiositas
1187 1215 1423 1260 documento
1440 1219 1508 1268 sit,
1530 1213 1705 1272 aliquam
1719 1221 1944 1263 fabularum
1961 1225 2144 1266 notitiam
2172 1226 2265 1268 huic
2291 1227 2425 1270 fuisse.

449 1284 511 1324 Ab
532 1285 608 1337 hac
626 1297 670 1323 re
689 1296 769 1323 non
787 1296 947 1333 prorsus
968 1281 1141 1321 alienum
1159 1284 1233 1328 est,
1258 1281 1427 1324 similem
1443 1284 1711 1325 narrationem
1734 1285 2018 1328 Alexandri
2041 1289 2093 1330 ab
2130 1290 2364 1332 Alexand
2384 1305 2441 1333 ro

344 1349 516 1402 (Genial.
538 1350 644 1389 Dier.
666 1348 745 1396 111,
779 1348 852 1400 15),
878 1346 1056 1398 quamvis
1073 1344 1235 1397 Virgilii
1262 1358 1407 1387 nomen
1427 1360 1508 1388 non
1531 1349 1746 1398 contineat,
1775 1350 1841 1391 hic
1867 1352 2059 1394 inserere:
2088 1354 2238 1403 „Quum
2260 1355 2429 1399 florente

343 1414 505 1454 fortuna
529 1411 788 1460 Ferdinandi,
827 1412 948 1463 primi
974 1411 1080 1463 regis
1106 1410 1312 1463 Aragonii,
1349 1410 1445 1450 urbs
1478 1412 1716 1464 Neapolitana
1747 1418 1789 1454 et
1814 1427 1981 1467 regnum
2014 1417 2134 1459 nullis
2169 1419 2302 1463 adhuc
2338 1418 2437 1464 belli

344 1480 639 1523 calamitatibus
666 1482 927 1530 premeretur,
954 1479 1050 1520 satis
1079 1481 1251 1526 constat,
1281 1476 1506 1527 Cataldum,
1533 1478 1663 1518 virum
1685 1482 1882 1528 sanctum,
1909 1481 1978 1532 qui
2005 1482 2152 1525 abhinc
2178 1487 2295 1527 annis
2321 1489 2433 1531 mille

342 1545 522 1598 pontifex
544 1545 635 1585 urbi
658 1544 896 1584 Tarentinae
922 1543 1114 1595 praefuit,
1141 1554 1337 1595 quemque
1362 1544 1575 1592 patronum
1592 1541 1795 1582 Tarentini
1818 1543 1922 1584 cives
1954 1551 2193 1589 venerantur
2218 1553 2261 1590 et
2280 1551 2428 1604 colunt,

344 1619 458 1655 nocte
486 1614 724 1663 intempesta
753 1612 939 1651 ministro
967 1624 1170 1651 sacrorum
1196 1608 1369 1660 cuipiam
1393 1611 1489 1648 tunc
1513 1607 1635 1647 sacris
1661 1606 1820 1648 initiato
1846 1612 1888 1649 et
1914 1609 1958 1649 in
1983 1615 2097 1653 casta
2112 1613 2304 1672 religione
2331 1618 2428 1660 edu-

344 1684 452 1726 cato,
477 1677 599 1718 semel
626 1680 746 1728 atque
775 1677 921 1717 iterum
948 1676 992 1716 in
1019 1688 1155 1716 somno
1182 1676 1410 1726 apparuisse
1446 1688 1493 1715 ac
1520 1674 1733 1724 monuisse,
1770 1680 1815 1716 ut
1838 1678 2002 1719 zibellum
2030 1693 2057 1720 a
2083 1693 2124 1721 se
2151 1685 2430 1737 conscriptum,

343 1758 464 1797 quem
483 1744 526 1783 in
545 1741 683 1783 abdito
701 1742 788 1782 loco
808 1742 943 1783 vivens
966 1740 1191 1788 abdiderat,
1217 1740 1260 1780 in
1286 1753 1363 1793 quo
1388 1739 1524 1780 divina
1546 1754 1676 1781 aroana
1699 1743 1850 1794 scripta
1866 1749 1997 1793 erant,
2026 1745 2144 1787 effodi
2171 1752 2212 1789 et
2235 1752 2418 1802 protinus

327 1810 395 1856 ‚ad
422 1823 559 1862 regem
586 1808 735 1851 deferri
764 1811 932 1850 curaret.
980 1807 1056 1856 Qui
1086 1820 1208 1859 quum
1233 1820 1374 1858 parum
1395 1805 1489 1847 fidei
1507 1806 1659 1849 somnio
1685 1807 1876 1859 dedisset,
1904 1811 2043 1852 eadem
2067 1813 2144 1854 sibi
2162 1826 2236 1866 per
2254 1818 2431 1869 quietem

342 1877 500 1928 saepius
527 1876 737 1917 obversata
764 1875 912 1925 specie,
942 1887 1031 1914 cum
1058 1873 1186 1925 primo
1214 1873 1386 1933 diluculo
1413 1873 1518 1914 solus
1542 1878 1767 1915 moraretur
1793 1875 1837 1914 in
1862 1876 2027 1928 templo,
2054 1877 2184 1929 ipsum
2205 1879 2429 1933 Gataldum,

341 1942 473 1994 qualis
500 1945 588 1982 erat
614 1942 728 1989 olim,
766 1940 860 1980 dum
896 1940 939 1979 in
977 1939 1060 1978 vita
1088 1942 1239 1991 ageret,
1274 1939 1507 1990 apparuisse
1534 1943 1575 1980 et
1607 1939 1868 1990 praedixisse,
1905 1945 1951 1982 ut
1981 1947 2141 1993 postera
2167 1945 2270 1996 luce,
2310 1962 2436 2001 quum

344 2008 520 2059 primum
544 2011 696 2058 posset,
723 2006 901 2060 libellum
929 2018 954 2045 a
981 2018 1022 2044 se
1050 2017 1170 2044 manu
1197 2004 1389 2055 scriptum
1414 2005 1457 2044 in
1481 2004 1620 2045 abdito
1645 2004 1750 2053 loco,
1778 2018 1896 2056 quem
1920 2006 1963 2045 in
1990 2007 2136 2047 somnis
2163 2010 2432 2063 praedixerat,

346 2072 551 2112 conditum
579 2072 753 2113 effodere
780 2084 830 2110 ne
857 2072 1131 2116 cunctaretur,
1159 2082 1343 2119 poenam,
1370 2069 1449 2109 nisi
1474 2069 1606 2117 fieret,
1642 2069 1818 2121 graviter
1843 2071 2113 2113 comminatus.
2151 2073 2315 2116 Postera
2338 2077 2428 2119 luce

345 2137 499 2179 solenni
525 2150 674 2190 pompa
697 2136 921 2177 ministrum
948 2148 1039 2175 cum
1065 2133 1203 2186 populi
1224 2134 1414 2175 comitatu
1431 2134 1483 2175 ad
1506 2134 1719 2183 latebram,
1748 2135 1791 2176 in
1814 2148 1894 2188 qua
1912 2135 2140 2190 longissimo
2161 2152 2258 2181 aevo
2277 2140 2438 2184 libellus

343 2205 533 2250 latuerat,
571 2201 806 2254 processisse
842 2214 1010 2253 eumque
1047 2199 1246 2252 plumbeis
1282 2198 1443 2239 tabellis
1477 2199 1730 2253 obsignatum
1757 2203 1799 2240 et
1824 2200 1946 2241 clavis
1972 2202 2199 2245 obseratum
2224 2206 2434 2258 invenisse,

342 2270 442 2310 satis
469 2272 658 2308 constat.“

1224 2317 1276 2360 B.
1303 2316 1344 2358 B
1354 2328 1380 2359 o
1391 2329 1436 2359 m
1447 2329 1473 2359 a
1482 2329 1513 2359 ιι
1523 2329 1562 2359 a.

449 2387 532 2421 XV.
577 2385 763 2427 Virgilius
785 2385 882 2419 miro
908 2392 1038 2428 opere,
1062 2383 1123 2417 cui
1146 2383 1234 2426 post
1256 2390 1388 2417 nomen
1409 2381 1669 2426 „salvationis
1690 2382 1859 2419 Ιιιιιιιιιιό6
1882 2384 2043 2421 inuitu-
2067 2388 2146 2433 est,
2169 2379 2324 2433 ihperfl

1162 2437 1459 2472 incolumitatem
1483 2438 1626 2473 tuetur.

453 2497 681 2539 Verisimile
710 2500 788 2544 est,
815 2497 986 2549 priscam
1011 2496 1116 2538 hanc
1140 2494 1435 2547 historiolam*)
1460 2493 1589 2546 primo
1613 2506 1638 2534 a
1662 2492 1831 2546 Virgilio
1858 2494 2030 2537 alienam
2056 2472 2178 2539 fuisse
2206 2512 2254 2540 ac
2278 2499 2442 2542 demum

344 2581 370 2607 a
396 2565 561 2607 Gallicis
587 2564 892 2611 fabulatoribus,
929 2564 997 2615 qui
1033 2563 1123 2603 illas
1149 2563 1341 2602 Italorum
1367 2560 1601 2600 traditiones
1636 2560 1807 2600 multum
1837 2562 2038 2603 variarent
2066 2567 2107 2604 et
2133 2564 2440 2616 amplificarent,

344 2631 395 2671 ad
423 2630 507 2670 eius
535 2640 746 2679 personam
772 2626 978 2679 alligatam
1006 2638 1108 2674 esse,
1146 2625 1293 2677 quippe
1327 2624 1369 2664 ιιι
1397 2624 1506 2664 cuius
1538 2624 1696 2665 nomine
1724 2628 1810 2666 tum
1835 2628 2027 2678 temporis
2057 2628 2186 2670 multa
2212 2635 2438 2673 ceterorum

345 2694 691 2748 praestigiatorum
718 2692 896 2733 facinora
921 2694 1210 2732 concurrerent.
1276 2689 1403 2741 Supra
1431 2703 1479 2731 ex
1507 2690 1712 2730 Helinandi
1736 2694 1778 2731 et
1806 2692 1980 2732 Nece-ami
2004 2692 2164 2745 scriptis
2190 2694 2308 2736 huius
2335 2695 2437 2752 arti-

346 2759 427 2799 ficii
455 2759 640 2799 meritum
664 2757 836 2811 Virgilio
862 2756 1108 2807 adscriptum
1135 2768 1219 2796 esse
1246 2756 1473 2806 reperimus.
1538 2753 1649 2795 Idem
1684 2768 1777 2796 vero
1820 2756 1904 2798 sine
1932 2755 2090 2810 Virgilii
2120 2760 2281 2801 nomine
2307 2760 2437 2801 multo

344 2831 439 2867 ante
466 2826 639 2866 seculum
665 2823 746 2864 XII
774 2824 816 2863 in
845 2821 1050 2864 Chronicis
1077 2826 1423 2863 commemoratum
1450 2821 1593 2874 est**).
1657 2820 1744 2861 Iam
1768 2820 1836 2863 ille
1874 2822 2167 2877 Anonymus
2195 2824 2438 2867 Salerni·

458 2926 491 2966 *)
515 2924 563 2957 Cf.
585 2925 776 2958 Massmann
799 2926 820 2958 1.
844 2926 864 2958 1.
890 2927 927 2965 1,
953 2925 994 2957 19
1017 2929 1052 2958 et
1076 2924 1145 2965 ΠΙ,
1170 2924 1244 2958 421.

454 2981 506 3022 *‘)
529 2979 577 3012 Cf.
600 2979 726 3013 Poeller
749 2981 783 3014 in
804 2980 964 3022 Philolog.
987 2981 1022 3020 1,
1046 2981 1085 3021 1,
1110 2980 1191 3021 103,
1220 2979 1278 3021 qui
1298 2977 1394 3013 docet
1432 2980 1497 3013 iam
1520 2978 1662 3013 Cosman
1683 2976 1748 3014 sec.
1770 2979 1851 3013 vm
1874 2979 1972 3014 huius
1999 2980 2050 3013 rei
2078 2979 2231 3014 notitiam
2266 2979 2435 3029 babuisse,

343 3042 378 3073 et
402 3036 582 3078 Gregorov.
606 3034 626 3067 l.
650 3034 670 3067 l.
690 3034 739 3076 11,
762 3035 834 3068 551.
