2781 3609
520 431 586 468 Iv-
620 431 806 475 virginus
827 438 993 467 nuscan-
1014 437 1171 467 aene·-
1193 427 1369 471 uastat,
1391 437 1487 474 que
1510 436 1637 466 onnes
1655 434 1803 465 nucu
1824 435 1872 464 ox
1897 425 1994 465 urbe
2014 429 2201 472 emanat,
2232 468 2235 471 ,

416 496 1310 547 Praeteramradum‚Hezimdum,Gervoe-ium
1326 493 1448 536 etiam
1474 492 1748 535 Iohannes
1769 490 2208 538 Saresberiensia
2226 496 2271 538 in
2287 493 2402 550 Poly.

318 566 417 603 crat,
436 563 483 615 (1,
491 563 535 616 4)
554 563 721 605 eandem
740 575 826 610 rem
845 562 910 603 his
925 562 1059 602 verbis
1076 561 1259 613 exponit:
1286 560 1452 608 „Fertur
1475 562 1585 601 vates
1608 559 1848 600 Mantuanus
1870 558 2136 612 interrogasse
2161 559 2405 611 limum,

309 626 405 665 'cum
430 624 728 677 depopulationi
754 624 887 665 avium
913 624 1187 666 vehementius
1214 637 1376 675 operam
1402 621 1535 670 daret,
1563 637 1617 664 an
1643 622 1756 665 avem
1781 620 1920 665 mallet
1943 623 2090 665 instrui
2127 623 2174 665 in
2198 629 2405 676 cuph-am

312 689 464 738 avium,
491 704 543 730 an
569 703 745 730 muscam
770 689 1013 731 conformari
1038 690 1082 730 in
1106 688 1475 731 exterminationem
1501 701 1735 731 muscarum.
1791 688 1889 730 Cum
1923 701 2020 730 vero.
2048 688 2319 741 quaestionem
2352 689 2405 732 ad

311 754 548 795 avunculum
578 753 781 795 retulisset
807 754 1046 808 Augustum,
1079 752 1243 795 consilio
1280 751 1364 793 eius
1399 749 1641 807 praeelegit,
1677 757 1723 795 ut
1758 753 1873 796 fieret
1899 767 2049 803 musca,
2091 766 2192 806 quae
2218 751 2268 795 ab
2295 750 2399 794 Nea-

317 821 401 872 poli
427 833 583 861 muscas
609 821 803 862 abiiceret
826 824 869 861 et
892 821 1094 861 civitatem
1121 833 1146 860 a
1172 821 1282 871 peste
1314 816 1528 857 insanabili
1554 817 1755 861 liberaret.
1809 818 1929 871 Optio
1956 818 2117 871 quidem
2140 817 2307 872 impleta
2332 821 2404 867 est,

309 886 415 928 unde
427 887 555 939 liquet
570 887 751 937 privatae
764 887 961 927 voluntati
977 884 1278 937 praeferendam
1291 897 1377 924 esse
1389 884 1608 926 multorum
1621 886 1869 929 utilitatem.“
1895 887 2029 928 Etiam
2047 887 2092 926 in
2113 887 2289 928 carmine
2303 897 2398 938 quo-

308 950 403 992 dam
416 953 789 993 ann0118000ntra
809 950 1093 993 ecclesiasticos
1105 950 1216 990 iuxta
1240 948 1432 990 visionem
1441 949 1700 1003 Apocalypsis
1717 950 1865 1002 scripto
1882 965 1916 992 v.
1925 954 1978 993 46
1987 951 2151 1005 legitur:
2178 951 2389 1000 „Forman-

308 1020 392 1060 tem
414 1017 529 1058 video
556 1030 695 1058 aereas
721 1029 878 1070 muscas
892 1016 1136 1069 Virgilium.“
1171 1015 1357 1055 Villanius
1373 1013 1606 1056 Gervasium
1633 1018 1674 1055 et
1700 1013 1938 1056 Neocamum
1963 1019 2009 1056 ut
2034 1019 2157 1057 testes
2182 1027 2399 1067 provocans

309 1084 394 1126 fere
420 1084 528 1125 idem
551 1083 676 1125 refert
702 1097 733 1124 c.
765 1077 886 1132 18:'„
896 1082 969 1122 1110
994 1087 1170 1132 tempore
1205 1080 1248 1120 in
1285 1080 1449 1134 regione
1478 1080 1741 1132 Neapolitana
1776 1083 1940 1132 propter
1973 1094 2157 1135 magnam
2192 1080 2296 1122 aeris
2328 1092 2400 1131 per

310 1150 477 1202 paludes
505 1148 801 1199 corruptionem
827 1148 966 1199 ingens
994 1157 1222 1186 muscarum
1248 1145 1364 1196 copia
1391 1149 1531 1187 exorta
1556 1145 1662 1187 luem
1701 1146 1873 1186 excitare
1907 1146 2145 1187 minabatur.
2198 1145 2284 1186 Iam
2310 1144 2401 1185 Vir·

312 1214 432 1266 gilius
470 1226 617 1265 magno
653 1213 770 1252 huius
802 1212 915 1252 urbis
960 1212 1122 1263 eiusque
1163 1210 1384 1250 incolarum
1428 1223 1563 1251 amore
1606 1210 1872 1252 inflammatus
1916 1212 2014 1252 artis
2046 1211 2222 1264 magicae
2256 1209 2404 1250 auxilio

309 1293 489 1322 muscam
526 1293 687 1321 auream
726 1292 846 1319 ranae
880 1277 1153 1330 magnitudine
1194 1274 1266 1316 sub
1302 1275 1433 1317 fausta
1472 1276 1648 1317 siderum
1689 1277 1963 1318 coniunctione
2014 1277 2236 1317 cudendam
2283 1289 2395 1315 cura-

313 1344 392 1394 vit,
425 1345 536 1385 cuius
573 1344 610 1384 vi
649 1357 784 1385 omnes
820 1355 978 1383 muscae
1017 1355 1067 1383 ex
1101 1341 1201 1382 urbe
1240 1341 1371 1382 subito
1405 1342 1617 1384 evolarent.
1672 1341 1814 1383 Postea
1849 1342 1920 1384 illa
1960 1356 1983 1384 e
2020 1342 2181 1383 castello
2217 1340 2401 1393 Capuano

312 1410 468 1466 (hodiez
491 1410 665 1463 Vicaria),
693 1410 763 1451 ubi
783 1409 913 1461 primo
940 1407 1082 1456 fuerat,
1109 1407 1162 1448 ad
1183 1406 1396 1448 Castellum
1419 1407 1588 1453 Cicadae
1608 1408 1802 1449 translata
1828 1407 1958 1448 subito
1979 1420 2134 1449 omnem
2160 1408 2241 1448 vim
2257 1406 2401 1448 ainisit.

309 1478 429 1530 Apud
454 1474 664 1517 nonnullos
692 1474 763 1514 illa
788 1486 925 1514 musca
947 1478 990 1516 ut
1017 1473 1106 1514 viva
1121 1473 1368 1522 describitur,
1390 1477 1542 1515 ceteras
1561 1487 1802 1526 persequens
1821 1478 1862 1515 et
1886 1473 2138 1515 interficiens.
2196 1473 2404 1515 Caeterum

318 1555 408 1582 cum
436 1545 575 1580 notum
600 1541 662 1587 sit',
687 1544 840 1580 veteres
867 1539 1017 1578 similia
1043 1539 1167 1591 etiam
1200 1539 1249 1578 de
1278 1539 1366 1578 aliis
1393 1540 1571 1592 magicae
1600 1540 1728 1581 famae
1754 1539 1980 1591 hominibus
2007 1538 2204 1580 fabulatos
2230 1552 2333 1587 esse,
2358 1542 2403 1579 ut

315 1605 365 1646 de
395 1607 589 1657 Apollonio
618 1607 802 1655 Tyanensi
837 1604 920 1657 (hic
949 1603 1290 1654 Constantinopoli
1327 1603 1409 1643 fere
1445 1603 1604 1644 easdem
1631 1607 1766 1655 partes
1793 1605 1919 1656 egisse
1945 1604 2119 1652 videtur,
2148 1617 2246 1657 quas
2271 1604 2401 1657 Virgi-

312 1670 391 1709 lius
417 1669 620 1722 Neapoli),
649 1669 719 1721 qui
748 1669 854 1709 inter
883 1669 964 1709 alia
986 1669 1222 1720 τελέσματα
1258 1669 1300 1708 in
1338 1669 1521 1720 pluribus
1557 1669 1715 1722 oppidis
1752 1673 1997 1720 comparata,
2034 1670 2156 1711 etiam
2189 1673 2403 1721 serpentes,

316 1736 470 1786 pulices
495 1736 611 1789 (quos
639 1735 833 1788 Virgilius
858 1735 960 1786 proh
987 1734 1100 1775 dolor
1128 1734 1439 1785 praetermisisse
1459 1734 1643 1789 videtur),
1670 1747 1834 1783 muscas,
1860 1735 2085 1786 scorpiones
2111 1735 2254 1777 aliasve
2280 1734 2401 1776 besti-

314 1802 399 1842 olas
426 1800 668 1854 imaginibus
696 1813 832 1840 earum
870 1812 919 1839 ex
945 1800 1108 1841 metallo
1136 1800 1239 1839 cusis
1265 1800 1500 1850 expulisset,
1534 1801 1640 1840 inter
1675 1800 1752 1841 hoc
1786 1813 1993 1841 commune
2029 1800 2170 1841 talium
2201 1801 2403 1841 hominum

311 1867 447 1909 odium
475 1871 516 1909 et
541 1866 655 1907 illum
682 1864 987 1907 Philistaeorum
1015 1879 1239 1907 muscarum
1276 1865 1474 1918 quendam
1500 1865 1619 1907 deum
1650 1867 1896 1917 (Beelzebub)
1929 1868 2048 1918 atque
2075 1866 2316 1908 Graecorum
2337 1866 2397 1907 Io-

311 1946 401 1973 vem
427 1928 639 1982 ἄπόμυιον
667 1931 899 1970 interiorem
925 1943 1070 1970 nexum
1098 1934 1272 1972 statuere
1299 1931 1403 1972 licet.
1458 1930 1545 1971 Iam
1569 1926 1726 1972 Plinius'
1746 1932 1785 1973 h.
1804 1934 1894 1971 nat.
1916 1934 1974 1979 10,
2003 1935 2050 1971 41
2072 1930 2160 1984 (29)
2183 1932 2404 1983 exemplum

312 1997 556 2049 expulsionis
579 2009 804 2037 muscarum
831 1995 964 2035 divino
992 1996 1154 2036 numine
1182 1996 1343 2037 effectae
1369 1997 1557 2048 proponit
1596 2011 1781 2045 narranS,
1808 1997 1957 2037 Romae
1983 1996 2025 2036 in
2053 1996 2192 2038 aedem
2216 1996 2399 2038 Herculis

315 2063 359 2102 in
386 2063 472 2103 foro
498 2062 637 2103 boario
664 2074 738 2102 nec
765 2063 919 2101 musca
946 2075 1019 2102 nec
1046 2075 1186 2103 carnes
1213 2062 1394 2110 intrasse,
1423 2066 1464 2103 et
1491 2060 1649 2102 Solinus
1676 2060 1864 2113 paraphr.
1900 2066 1930 2109 1,
1958 2064 1982 2101 2
2010 2064 2192 2102 annotat:
2224 2061 2403 2110 „Etenim

317 2126 526 2174 Hercules,
556 2139 645 2165 cum
672 2125 973 2166 viscerationem
999 2126 1202 2167 sacricolis
1230 2126 1362 2175 daret,
1387 2127 1613 2180 Myiagrum
1641 2125 1760 2166 deum
1796 2123 1943 2165 dicitur
1969 2125 2226 2176 imprecatus,
2250 2126 2402 2168 clavam

314 2205 409 2237 vero
436 2192 479 2230 in
504 2191 617 2230 aditu
643 2190 867 2241 reliquisse,
893 2192 1005 2231 cuius
1031 2192 1178 2232 olfactu
1205 2192 1435 2244 refugerent
1461 2203 1620 2231 muscae
1648 2192 1689 2247 et
1713 2201 1850 2228 canes:
1887 2189 1930 2228 id
1968 2203 2091 2242 usque
2128 2203 2232 2231 nunc
2253 2190 2402 2233 durav‘.

315 2256 429 2297 Idem
446 2256 598 2296 Plinius
623 2259 693 2303 21,
720 2259 772 2297 46
792 2256 879 2309 (14)
894 2255 1033 2304 refert,
1054 2261 1229 2297 montem
1249 2271 1333 2298 esse
1351 2258 1539 2298 carinam
1559 2257 1604 2296 in
1626 2254 1745 2295 Creta
1761 2254 1908 2303 insula,
1936 2256 1994 2296 IX
2022 2256 2189 2297 millium
2215 2269 2401 2307 passuum

316 2321 481 2369 ambitu,
507 2321 616 2361 intra
641 2320 747 2372 quod
774 2320 947 2371 spatium
971 2334 1129 2363 muscae
1158 2335 1239 2362 non
1266 2322 1520 2373 reperiantur
1547 2324 1765 2372 natumque
1792 2320 1849 2361 ibi
1875 2320 1953 2361 mel
1973 2333 2175 2373 nunquam
2191 2311 2401 2374 attingant.

315 2384 445 2425 Simili
470 2384 589 2425 modo
624 2386 667 2425 in
694 2386 890 2427 Hibernia
916 2384 971 2428 St.
1002 2385 1192 2428 Columba
1224 2401 1245 2428 e
1284 2388 1457 2440 quadam
1490 2386 1653 2439 regione
1688 2398 1821 2426 omnes
1857 2398 1988 2427 mures
2018 2399 2065 2427 ac
2102 2379 2254 2428 vermes
2291 2398 2402 2428 sacro
2447 2379 2453 2386 ’

317 2452 506 2492 nimirum
535 2453 689 2493 cantico
716 2452 915 2504 expulisse
943 2452 1107 2501 dicitur,
1135 2457 1177 2494 et
1210 2454 1306 2494 item
1344 2465 1481 2494 omnes
1507 2456 1710 2505 serpentes
1739 2451 1792 2492 St.
1816 2451 2030 2499 Patricius,
2059 2455 2104 2492 ut
2143 2465 2193 2493 ex
2215 2453 2400 2504 opinione

314 2510 534 2556 incolarum
569 2515 669 2569 adeo
697 2516 841 2556 humus
876 2515 960 2556 illic
993 2516 1209 2558 salutarem
1243 2516 1323 2556 vim
1358 2520 1499 2557 contra
1532 2517 1720 2571 anguium
1754 2529 1929 2557 morsum
1960 2516 2255 2557 nancisceretur
2278 2519 2336 2565 et,
2364 2517 2398 2557 si

314 2583 520 2625 cuiusdam
556 2596 697 2641 manus
733 2596 868 2624 morsu
900 2581 1049 2623 violata
1083 2585 1204 2631 esset,
1248 2583 1314 2624 hic
1364 2584 1500 2624 statim
1536 2583 1703 2637 digitum
1737 2584 1780 2624 in
1815 2587 1964 2625 terram
2000 2583 2208 2625 demittere
2245 2583 2407 2625 soleret.-

314 2643 517 2702 Greydrius
548 2650 767 2690 Turonensis
795 2647 904 2701 (hist.
931 2647 965 2687 F
965 2660 1074 2689 rane.
1102 2649 1137 2697 8,
1175 2648 1244 2701 33)
1272 2653 1427 2697 narrat,
1456 2649 1655 2691 Lutetiam
1681 2648 1922 2690 Parisiorum
1956 2650 2050 2689 ante
2083 2660 2195 2689 suam
2228 2649 2401 2688 aetatem

313 2715 519 2762 incendiis,
546 2713 807 2765 serpentibus,
832 2713 1011 2753 muribus
1033 2713 1203 2754 liberam
1220 2713 1342 2755 fuisse
1370 2719 1411 2755 et
1432 2715 1562 2756 addit:
1595 2716 1753 2767 „Nuper
1770 2718 1905 2756 autem
1930 2728 2020 2755 cum
2048 2714 2251 2755 cuniculus
2267 2712 2401 2764 pontis

319 2779 611 2826 emundaretur,
627 2782 669 2819 et
680 2791 858 2826 coenum,
871 2790 950 2829 quo
965 2776 1164 2828 repletum
1178 2776 1319 2827 fuerat,
1334 2778 1565 2831 auferretur,
1581 2784 1807 2834 serpentem
1826 2779 2045 2834 gliremque
2062 2792 2224 2821 aereum
2241 2789 2398 2827 repere·

311 2847 424 2891 runt,
457 2843 602 2894 quibus
628 2842 772 2891 ablatis
799 2846 840 2883 et
863 2842 984 2895 glires
1007 2842 1066 2882 ibi
1093 2841 1283 2893 deinceps
1307 2844 1420 2882 extra
1444 2856 1651 2886 numerum
1679 2848 1720 2886 et
1745 2846 1948 2894 serpentes
1970 2843 2274 2896 apparuerunt&
2333 2839 2397 2879 Ita

311 2912 380 2952 his
407 2910 598 2961 exemplis
626 2911 920 2960 comprobatur,
948 2910 1162 2950 metallicis
1190 2911 1428 2962 imaginibus
1451 2914 1651 2951 arcentem
1679 2908 1852 2960 quodam
1877 2907 1994 2948 modo
2017 2906 2238 2958 potentiam
2263 2907 2400 2945 con‘tra

308 2991 358 3021 ea
375 2975 568 3019 animalia
593 2974 828 3017 attributam
855 2988 958 3024 esse,
985 2987 1088 3027 quae
1111 2973 1192 3015 illis
1215 2969 1607 3026 repraesentarentur
1634 2974 1675 3014 et
1700 2971 1744 3012 in
1772 2984 1819 3013 ea
1840 2984 1902 3020 re,
1929 2969 1972 3011 id
1991 2968 2098 3024 quod
2120 2966 2293 3018 mireris,
2318 2980 2398 3009 non

308 3042 463 3084 nobilia
488 3039 653 3080 metalla
677 3040 746 3079 sed
773 3040 855 3081 fere
882 3039 1063 3092 vulgaria
1088 3025 1271 3080 aaessiiberi
1300 3039 1416 3080 solita
1441 3051 1535 3085 esse,
1559 3050 1680 3089 quam
1704 3036 1755 3077 ob
1771 3049 1858 3077 rem
1871 3036 2070 3078 versimile
2089 3037 2158 3082 est,
2182 3032 2263 3074 illis
2281 3046 2400 3085 supra
2450 3055 2454 3059 ‹
