2781 3609
824 474 1078 517 Hactenus
1104 471 1280 520 efflenis,
1303 483 1408 512 nunc
1434 469 1539 512 freni
1563 475 1697 522 portat
1721 472 1909 528 habenas.

878 541 966 581 Rex
990 536 1128 578 domat
1152 537 1259 578 hunc
1283 549 1418 588 aequus
1442 535 1772 588 Parthenopensis
1793 543 1956 590 equumf‘

464 565 615 651 sade,
647 615 751 655 quae
776 602 879 644 alius
913 604 1053 643 auctor
1077 601 1204 641 nostri
1229 599 1389 651 seculi⁸)
1424 598 1468 638 in
1503 599 1626 641 Italia
1659 606 1919 644 commoratus
1954 603 2005 645 de
2031 603 2174 645 eadem
2205 616 2250 644 re
2283 614 2326 642 se
2349 614 2454 643 eom-

380 665 746 717 perisseaffirmat,
767 665 1246 708 credulorumhominum
1272 664 1410 707 turbas
1436 662 1532 704 olim
1560 665 1809 707 circaistum
1846 680 1990 718 equum
2015 681 2135 720 saepe
2171 670 2305 709 tantas
2336 666 2457 710 fuisse

373 729 647 781 circumfusas,
673 734 720 772 ιιι
742 731 1064 783 archiepiscopus
1089 730 1251 783 quidam
1275 729 1388 770 illum
1410 741 1556 781 equum
1582 730 1626 769 ιιι
1651 729 1773 769 tui-ris
1815 732 2116 774 commutatione
2142 730 2360 785 aliquando
2390 745 2456 772 su-

376 799 514 847 scepta
538 796 653 849 quasi
678 796 843 837 fortuito
866 794 973 836 laedi
997 793 1366 847 etpostearecoqui
1379 792 1559 846 iuberet3
1586 796 1706 834 antea
1717 805 1812 834 vero
1825 795 2057 845 praesertim
2068 808 2140 848 per
2152 800 2281 838 totam
2297 794 2360 837 Sti
2371 795 2453 837 An-

382 861 485 902 tonii
496 874 650 902 sacram
662 860 951 903 hebdomadem
963 862 1148 915 ingentes
1159 856 1390 912 plerumque
1403 858 1607 912 angustias
1619 858 1703 898 illic
1715 861 1872 899 exortas
1885 872 1978 908 esse,
1994 861 2139 912 quippe
2159 862 2266 915 quod
2277 862 2457 905 omnium

378 928 574 969 nobilium
590 929 892 980 principumque
906 929 998 981 equi
1016 927 1419 974 circumducerentur,
1453 925 1496 965 id
1517 922 1624 976 quod
1649 923 1772 963 etiam
1795 936 1898 964 nunc
1923 937 2048 976 prope
2066 926 2203 967 aedem
2219 926 2454 968 StiAntonii

375 991 465 1033 fieri
490 992 627 1034 soleat.
692 992 954 1033 Simulacrum
987 1005 1081 1034 vero
1116 992 1349 1044 collocatum
1380 991 1502 1032 fuisse
1536 993 1631 1031 ante
1664 990 1859 1031 minorem
1884 990 2123 1031 cathedralis
2153 992 2261 1033 aedis
2285 996 2455 1043 portam,

379 1059 451 1101 ubi
476 1059 595 1102 hodie
622 1059 682 1102 Sti
709 1060 887 1102 Ianuarii
914 1064 1046 1102 statua
1071 1062 1271 1102 exstructa
1295 1059 1357 1101 sit.
1419 1057 1523 1099 Huic
1557 1055 1679 1096 moris
1705 1054 1859 1106 antiqui
1886 1054 2144 1106 descriptioni
2167 1056 2312 1098 addere
2334 1057 2455 1098 liceat

377 1123 429 1165 de
456 1125 541 1166 eius
565 1126 718 1179 origine
743 1126 1021 1172 coniecturam.
1074 1125 1193 1167 Haud
1220 1124 1339 1166 dubie
1365 1124 1424 1165 ini
1446 1125 1602 1165 vetusto
1628 1122 1738 1173 operi
1764 1120 2004 1174 significafio
2030 1121 2082 1163 ad
2102 1122 2273 1174 priscum
2289 1124 2455 1167 deorum

378 1187 528 1227 cultum
551 1188 756 1238 pertinens
779 1188 911 1228 inerat
930 1191 971 1228 et
986 1191 1145 1238 postero
1162 1186 1320 1227 demum
1344 1181 1520 1235 tempore
1536 1186 1695 1226 effrenis
1715 1199 1840 1237 equus
1856 1189 2048 1237 tanquam
2069 1187 2286 1239 symbolum
2303 1188 2454 1230 liberae

374 1250 488 1293 urbis
514 1251 815 1302 aestimabatur,
843 1252 949 1294 unde
963 1265 1037 1305 pro
1052 1252 1197 1306 insigni
1222 1251 1346 1303 ipsius
1370 1250 1499 1299 urbis,
1527 1252 1573 1290 ut
1597 1249 1716 1291 hodie
1732 1252 1865 1291 terrae
1881 1250 2195 1300 Brunsvicensis,
2221 1251 2455 1293 constitutus

374 1319 457 1365 est,
485 1319 528 1357 et
552 1316 661 1357 haud
687 1316 807 1358 dubie
833 1317 877 1358 ιιι
903 1317 988 1359 eius
1014 1317 1074 1359 rei
1098 1314 1502 1367 memoriamNeapoli
1520 1327 1703 1355 nummus
1716 1326 1823 1354 anno
1848 1316 1947 1356 1460
1955 1312 2208 1356 Ferdinando
2226 1314 2247 1355 1
2260 1318 2451 1367 regnante

377 1393 585 1432 percussus
605 1386 683 1430 est,
710 1383 779 1435 qui
796 1383 848 1424 ab
871 1384 999 1425 altera
1024 1388 1138 1436 parte
1165 1397 1310 1437 equum
1336 1383 1539 1426 effrenem,
1558 1379 1609 1419 ab
1633 1378 1760 1419 altera
1773 1378 2073 1429 inscriptionem
2091 1379 2236 1433 habet:
2264 1380 2452 1432 „Equitas

376 1445 493 1498 regni
515 1444 722 1488 ostenditf‘
781 1445 892 1488 Idem
929 1451 1067 1489 auctor
1101 1450 1398 1495 commemorat,
1437 1447 1562 1517 caput·
1590 1443 1699 1484 illius
1738 1443 1851 1495 equi,
1885 1443 1991 1495 quod
2028 1430 2154 1484 solum
2188 1444 2454 1495 superfuisset,

379 1509 538 1564 cuidam
562 1510 647 1550 viro
674 1510 817 1559 nobili,
852 1510 1028 1553 Caraffae
1055 1512 1231 1561 nomine,
1265 1511 1452 1553 donatum
1484 1512 1526 1551 et
1550 1509 1596 1549 in
1619 1509 1725 1550 eius
1738 1508 1929 1572 ffnpluvio
1965 1508 2187 1560 depositum
2224 1521 2328 1552 esse:
2360 1523 2453 1551 mox

377 1584 472 1612 vero
498 1584 696 1613 rumorem
724 1575 905 1613 exortum
929 1587 1031 1623 esse,
1066 1575 1179 1627 quasi
1215 1574 1286 1615 sub
1321 1588 1368 1616 eo
1393 1575 1573 1628 ingentes
1598 1574 1778 1616 thesauri
1810 1573 1955 1615 defossi
1989 1578 2119 1615 essent
2157 1578 2197 1615 et
2232 1575 2453 1627 complures

375 1635 597 1688 periculinn
624 1636 762 1678 fecisse
799 1651 867 1679 eos
899 1638 1081 1689 tollendi,
1113 1640 1172 1681 ita
1205 1643 1250 1680 ut
1284 1637 1336 1680 ad
1371 1641 1590 1679 extremum
1625 1637 1727 1678 illud
1761 1637 1903 1688 capitis
1937 1636 2190 1684 simulacrum
2226 1652 2248 1679 e
2274 1637 2452 1680 Garaffae

374 1703 525 1755 palatio
548 1704 592 1743 in
616 1703 768 1756 regium
794 1704 971 1745 Museum
998 1707 1148 1754 (Museo
1170 1703 1380 1754 Borbonioo)
1402 1702 1704 1751 transferretur,
1740 1702 1811 1743 ubi
1838 1703 2010 1754 hodieque
2038 1702 2147 1743 cerni
2169 1702 2307 1753 possit.
2358 1701 2452 1753 Ipsa

373 1781 467 1808 vero
490 1768 626 1809 fabula
650 1769 815 1819 posthac
841 1768 1052 1810 admodum
1079 1771 1287 1811 immutata
1313 1771 1533 1822 reperiturz
1555 1771 1613 1811 sic
1630 1771 1673 1811 in
1699 1770 1769 1810 illo
1795 1769 1979 1821 populari
2006 1769 2126 1817 libro,
2146 1769 2309 1822 Virgilii
2329 1769 2449 1809 mira-

369 1831 470 1873 bilia
485 1832 729 1881 continente,
753 1832 803 1874 de
820 1847 898 1885 quo
917 1847 1037 1885 supra
1051 1847 1090 1886 p.
1105 1838 1152 1875 17
1162 1834 1264 1884 dixi,
1281 1847 1417 1876 sermo
1439 1838 1502 1875 est
1518 1834 1568 1876 de
1589 1848 1691 1888 equo
1706 1835 1878 1883 aheneo,
1900 1834 1965 1874 cui
1977 1834 2152 1878 aheneus
2165 1845 2285 1885 eques
2295 1831 2451 1880 insidet,

372 1896 444 1948 qui
469 1900 588 1937 noctu
613 1897 722 1938 urbis
744 1898 897 1949 plateas
933 1899 1048 1951 quasi
1083 1900 1237 1940 accensi
1272 1900 1334 1941 vel
1364 1899 1614 1951 inquisitoris
1648 1900 1780 1941 officio
1813 1900 1980 1952 fungens
2011 1899 2237 1951 perequitat
2267 1902 2310 1940 et
2344 1897 2451 1938 fures

374 1960 510 2000 obvios
536 1961 713 2014 castigat.
768 1961 811 2002 Si
838 1975 930 2004 vero
956 1963 1008 2004 ab
1035 1963 1112 2005 hac
1137 1963 1376 2018 digressione
1401 1963 1453 2004 ad
1477 1965 1610 2015 prima
1635 1964 1795 2006 fabulae
1823 1964 1940 2005 initia
1965 1963 2212 2005 redeundum
2249 1966 2327 2011 est,
2360 1961 2449 2003 ficri

375 2038 456 2066 non
479 2029 628 2076 potest,
653 2028 751 2079 quin
777 2028 884 2068 illius
910 2029 1139 2071 historiolae
1166 2031 1403 2072 mentionem
1428 2028 1592 2077 faciam,
1620 2042 1723 2081 quae
1743 2030 1920 2070 aDonato
1936 2029 1980 2069 in
1993 2028 2154 2082 Virgilii
2171 2028 2254 2068 vita
2267 2026 2449 2088 traditur,

374 2094 535 2142 poetam
561 2091 727 2133 Romam
756 2106 779 2134 e
805 2093 972 2135 Graecia
996 2108 1198 2136 reversum
1223 2099 1264 2136 et
1288 2094 1522 2136 medicinam
1547 2094 1949 2146 mathematicamque
1985 2093 2168 2134 edoctum
2193 2093 2327 2134 statim
2360 2106 2445 2133 ma—

370 2158 486 2212 gistri
513 2166 702 2212 equorum
728 2160 874 2202 stabuli
890 2161 1059 2216 Augusti
1083 2163 1298 2204 amicitiam
1323 2163 1483 2203 nactum
1506 2157 1652 2199 multos
1678 2158 1887 2232 variosque
1914 2158 2026 2211 equis
2053 2157 2270 2199 incidentes
2288 2156 2448 2199 morbos

375 2223 585 2265 curavisse.
639 2222 850 2267 Praeterea
861 2226 1057 2268 Aeneidos
1077 2227 1186 2268 locus
1216 2227 1260 2279 (Ι,
1274 2228 1379 2281 444),
1404 2226 1473 2268 ubi
1499 2224 1551 2266 de
1577 2224 1720 2275 capitis
1745 2224 1849 2266 acris
1874 2225 1967 2276 equi
1993 2224 2105 2277 signo
2130 2237 2155 2265 a
2168 2223 2307 2265 Poenis
2321 2235 2445 2274 prope

384 2287 666 2340 Carthaginem
692 2288 851 2337 effossm
884 2290 997 2341 quasi
1022 2290 1188 2331 bellicae
1210 2290 1357 2343 gloriae
1383 2291 1585 2340 portento,
1612 2300 1741 2329 sermo
1768 2292 1844 2337 est,
1863 2288 2021 2330 fabulae
2045 2289 2209 2341 originis
2229 2288 2313 2329 leve
2337 2290 2444 2328 certe

371 2352 581 2405 vestigium
604 2352 781 2404 praebet.

632 2449 637 2454 ·
690 2428 798 2463 Vln.
823 2424 1019 2471 virginus
1030 2429 1203 2483 ludorum
1225 2428 1408 2472 quoddam
1430 2436 1548 2470 genus
1571 2428 1672 2472 apud
1693 2429 1960 2472 Neapolitanos
1975 2429 2133 2464 inducit.

487 2494 689 2541 Valonius,
717 2493 786 2544 qui
813 2493 917 2533 solus
942 2506 1027 2545 cap.
1055 2496 1106 2535 27
1131 2494 1181 2535 de
1207 2507 1254 2535 ea
1279 2492 1525 2535 institutione
1551 2495 1709 2545 retulit,
1742 2497 1840 2537 haec
1873 2496 2015 2538 habett
2040 2497 2292 2550 „Ingeniosus
2314 2498 2436 2547 poeta

307 2562 315 2570 ·
377 2557 528 2606 sanxit,
554 2560 600 2598 ut
627 2557 838 2610 quotannis
863 2557 980 2599 ludus
1005 2559 1258 2601 carbonarius
1291 2561 1313 2608 (
1322 2561 1355 2600 lo
1380 2561 1458 2600 1000
1490 2563 1538 2602 ad
1570 2552 1761 2604 carbonara
1771 2568 1794 2615 )
1830 2564 1856 2605 i.
1893 2578 1925 2606 e.
1959 2563 2002 2605 in
2033 2564 2166 2615 platea
2204 2563 2437 2605 carbonara

365 2620 597 2668 haberetur,
626 2620 694 2661 sed
722 2633 802 2660 non
830 2621 906 2669 ita,
942 2625 988 2661 ut
1012 2622 1057 2661 in
1083 2635 1129 2662 eo
1154 2623 1332 2662 homines
1360 2629 1613 2676 necarentur,
1656 2628 1726 2669 sed
1754 2628 1995 2668 solummodo
2020 2627 2072 2668 ad
2095 2640 2297 2669 armorum
2321 2640 2440 2682 eper-

365 2686 609 2729 citationem.
664 2685 892 2727 Victoribus
916 2700 1009 2729 vero
1033 2687 1211 2739 praemia
1236 2687 1457 2728 destinavit.
1510 2689 1586 2738 Qui
1603 2691 1719 2732 ludus
1737 2692 1799 2732 vel
1815 2692 1943 2740 iocus,
1967 2696 2011 2732 ιιι
2030 2693 2106 2741 ait,
2133 2693 2193 2733 ita
2207 2693 2446 2744 procesdsss

364 2751 541 2799 videtur,
578 2753 631 2801 ,ιιι
664 2750 768 2791 cives
811 2751 896 2792 sine
933 2752 995 2793 ira
1028 2755 1070 2793 et
1103 2751 1234 2792 studio
1259 2751 1335 2792 sibi
1368 2750 1537 2795 invicem
1564 2756 1707 2805 citrea,
1744 2756 1920 2808 lapillos,
1954 2756 2091 2810 fustes,
2113 2751 2357 2809 proiice'rent
2379 2756 2445 2798 vel

366 2817 521 2858 eminus
543 2815 728 2855 iactando
753 2815 997 2857 destinatam·
1017 2820 1162 2857 metam
1185 2816 1575 2868 assequi-studerent.
1647 2821 1723 2869 Qui
1760 2834 1848 2860 cum
1886 2821 1937 2861 ab
1965 2822 2082 2862 initio
2120 2823 2250 2863 omnis
2275 2822 2445 2874 periculi

368 2894 513 2934 expers
537 2879 688 2929 fuisset,
727 2882 963 2932 praesertim
987 2881 1093 2935 quod
1120 2881 1222 2923 cives
1249 2882 1380 2934 capita
1404 2882 1528 2935 galeis
1553 2885 1693 2928 ferreis
1728 2886 1791 2927 vel
1826 2887 1933 2927 corio
1958 2889 2152 2930 consertis
2173 2885 2445 2932 defenderent.

294 3000 300 3006 ι
364 2948 531 3001 posthac
556 2945 650 2988 inde
677 2946 728 2988 ab
754 2960 859 2989 anno
900 2950 1018 2998 1380,
1045 2953 1090 2989 ut
1114 2948 1310 2990 Villanius
1335 2948 1466 2999 addit,
1502 2963 1612 2991 arma
1648 2951 1977 3003 admittebantur,
2015 2968 2096 3007 qua
2129 2969 2173 2998 re
2208 2954 2316 2997 haud
2351 2958 2444 2997 raro
2472 2992 2476 2996 .

468 3075 504 3117 ¹⁸)
524 3073 573 3108 ef.
595 3083 661 3109 von
683 3073 743 3108 der
763 3072 882 3116 Hagen
898 3073 1012 3110 Briefe
1031 3075 1065 3109 in
1088 3074 1141 3111 die
1163 3076 1317 3112 Heimath
1339 3077 1397 3118 111,
1419 3076 1490 3110 189.
