2781 3609
2403 329 2429 367 5

350 428 466 468 certe
491 424 634 478 longae
660 427 705 465 et
727 425 975 466 acutissimae
1000 422 1230 465 febrisnon
1267 421 1436 464 evadere
1462 423 1673 470 insultumt
1708 427 1751 468 in
1779 441 1878 480 quas
1905 431 2087 470 asserant
2108 452 2163 460 —
2185 430 2241 479 „si
2278 430 2439 473 credere

350 494 416 533 est
441 488 642 543 dignum,“
665 490 820 532 cautius
844 489 959 532 addit
975 501 1193 532 —sorores
1201 488 1460 530 Phaethontis
1481 493 1572 545 post
1591 489 1817 534 lacrimosas
1833 492 1970 535 fratris
1986 494 2173 548 exequias
2187 495 2439 538 miseratione

351 558 542 609 superum
575 556 887 598 transformatis.
940 556 1005 599 Ita
1031 554 1226 610 Neapolin
1256 554 1456 607 ingressus
1479 553 1531 594 ad
1565 554 1756 597 miracula
1789 557 1838 599 de
1870 557 2041 613 Virgilio
2071 560 2150 612 ipsi
2186 562 2314 603 relata
2346 575 2435 614 per-

349 622 470 664 venit
526 621 641 671 Quod
666 635 761 663 vero
785 621 850 662 his
876 622 974 673 ipsis
998 619 1277 664 enumerandis
1301 619 1493 661 maiorem
1518 619 1708 670 epistolae
1736 627 1891 672 partem
1918 625 2139 677 complevit,
2167 640 2248 668 non
2274 628 2435 670 mirabi-

349 701 449 739 mur,
475 689 510 730 si
537 685 868 739 reputaverimus,
895 686 934 728 ei
959 686 1190 729 mandatum
1234 684 1376 734 fuisse,
1413 688 1461 725 ut
1496 697 1630 725 muros
1670 686 1786 727 huius
1812 689 1931 738 urbis,
1956 704 2058 743 quae
2090 705 2195 733 anno
2228 696 2326 735 1191
2363 694 2438 735 im-

349 753 526 806 peratori
550 751 749 793 obsidenti
785 752 1127 802 restitissem-tuin
1162 763 1256 793 vero
1289 763 1394 801 anno
1435 753 1535 791 1194
1572 750 1794 792 voluntaria
1828 756 2011 804 pactione
2048 770 2159 798 arma
2195 757 2437 807 tradidisset,
2471 800 2486 817 .

347 821 584 867 devastaret,
602 817 762 858 eosdem
785 818 929 865 muros,
950 831 1047 869 quos
1077 817 1170 858 inde
1203 831 1253 858 ex
1276 820 1339 857 tot
1375 815 1519 857 seculis
1544 815 1714 857 artificio
1742 819 1849 871 magi
1869 818 2032 873 Virgilii
2058 826 2164 864 tutos
2188 827 2307 876 atque
2323 825 2434 866 inex—

347 883 584 940 pugnabiles
609 881 788 941 redditos
825 894 910 923 esse
949 883 1145 926 audiebat.
1197 881 1307 924 Haec
1335 879 1508 922 Conradi
1545 881 1714 933 epistola
1747 886 1912 935 propter
1948 886 2126 929 mirabile
2160 893 2437 943 argumentum

348 964 374 991 a
403 948 749 995 conventualibus,
775 947 918 999 quibus
943 948 1063 989 missa
1087 952 1192 998 erat,
1219 948 1406 989 chronico
1430 948 1673 988 ‘monasterii
1706 949 1872 1000 posthac
1895 952 2052 1003 [inserta
2076 953 2144 993 diu
2169 956 2211 994 in
2237 956 2434 996 oblivione

349 1013 524 1066 quadam
558 1012 763 1061 remansit,
801 1012 926 1053 donec
957 1013 1198 1055 Leibnitzius
1231 1013 1275 1064 in
1310 1012 1486 1054 editione
1525 1012 1763 1063 scriptorum
1796 1027 1933 1056 rerum
1968 1017 2308 1105 Brunsvicensium
2345 1032 2436 1060 eam

346 1092 487 1120 rursus
513 1080 556 1118 in
581 1079 710 1118 lucem
738 1077 914 1128 protulit.
967 1077 1028 1117 Ad
1054 1077 1266 1136 Virgilium
1289 1080 1422 1117 autem
1449 1077 1549 1116 haec
1575 1078 1798 1128 pertinent:

507 1143 712 1193 „Vidimus
743 1142 866 1183 etiam
890 1155 1093 1194 operosum
1131 1145 1230 1195 opus
1263 1144 1439 1195 Viryilii,
1469 1143 1668 1195 Neapolin,
1697 1143 1746 1185 de
1774 1158 1856 1197 qua
1887 1146 2013 1190 nobis
2029 1098 2264 1192 mirabiliter
2287 1151 2429 1192 Parca-

346 1223 439 1251 rum
466 1221 591 1261 pensa
618 1206 955 1259 dispensaverunt,
979 1209 1026 1246 ut
1050 1220 1181 1249 muros
1208 1207 1379 1249 civitatis
1404 1206 1599 1257 eiusdem,
1626 1221 1724 1261 quos
1750 1212 1886 1251 tantus
1911 1211 2093 1253 fundavit
2126 1217 2166 1255 et
2190 1217 2316 1257 erexit
2339 1217 2429 1269 phi—

343 1275 548 1327 losophus,
571 1272 791 1324 imperialis
813 1272 996 1313 iussionis
1021 1273 1206 1315 mandato
1231 1273 1434 1314 destruere
1459 1272 1706 1315 deberemus.
1741 1274 1830 1316 Non
1856 1277 2012 1328 profuit
2035 1279 2185 1321 civibus
2208 1280 2314 1322 illius
2335 1283 2430 1323 civi-

340 1342 446 1382 tatis·
467 1339 647 1388 eiusdem
674 1342 792 1390 imaqo
818 1337 861 1376 in
886 1340 1048 1390 ampulla
1062 1342 1174 1378 vitrea
1197 1341 1337 1390 mayi'oa
1360 1341 1448 1378 arte
1475 1337 1526 1378 ab
1555 1337 1694 1380 eodem
1711 1339 1883 1393 Virgilio
1899 1342 2060 1393 inclusa,
2084 1346 2347 1392 arctissimum
2360 1348 2429 1388 ha-

341 1408 463 1449 bente
489 1404 708 1457 opificium,
732 1403 776 1443 in
803 1402 916 1445 cuius
942 1404 1169 1457 integritate
1192 1406 1345 1444 tantam
1370 1402 1576 1444 habebant
1601 1402 1804 1454 fiduciam,
1830 1408 1877 1445 ut
1904 1406 2044 1448 eadem
2070 1410 2244 1461 ampulla
2276 1412 2432 1466 integra

349 1474 630 1524 permanente,
656 1469 809 1510 nullum
835 1467 922 1519 pati
951 1472 1084 1519 posset
1109 1469 1244 1510 civitas
1269 1468 1561 1509 detrimentum.
1617 1468 1745 1528 Quam
1776 1471 1995 1521 ampullam
2030 1474 2132 1515 sieut
2156 1480 2196 1517 et
2232 1479 2430 1521 civitatem

342 1539 386 1578 in
415 1540 553 1577 nostra
578 1535 772 1576 habemus
798 1536 994 1585 potestate
1022 1537 1064 1575 et
1088 1548 1219 1575 muros
1232 1534 1504 1583 destruximus,
1530 1533 1708 1585 ampulla
1728 1534 1886 1588 integra
1914 1544 2180 1589 permanente
2234 1542 2311 1584 Sed
2328 1544 2430 1585 sorte

345 1603 443 1655 quia
469 1600 645 1651 ampulla
669 1599 869 1640 modicum
892 1597 987 1638 fissa
1013 1602 1081 1650 est,
1108 1600 1257 1640 civitati
1283 1599 1426 1638 nocuit
1450 1619 1505 1628 —
1530 1599 1580 1638 In
1604 1598 1745 1639 eadem
1772 1600 1935 1642 civitate
1962 1607 2022 1642 est
2048 1618 2159 1657 equus
2184 1621 2321 1657 aereus,
2345 1622 2427 1650 ma-

344 1668 445 1729 gicis
470 1664 806 1705 incantationibus
843 1677 868 1703 a
897 1663 1067 1716 Virgilio
1094 1665 1150 1704 sic
1175 1663 1427 1714 compositus,
1453 1666 1500 1702 ut
1526 1663 1631 1714 ipso.
1641 1663 1800 1716 integro
1826 1673 2105 1719 permanente,
2141 1672 2272 1713 nullus
2307 1687 2430 1726 equus

342 1733 471 1784 possit
494 1730 692 1772 redorsari
719 1729 791 1783 (5²),
827 1742 920 1769 cum
957 1733 1091 1771 tamen
1127 1729 1176 1770 de
1207 1729 1302 1769 vitio
1326 1727 1498 1768 naturali
1536 1728 1590 1768 sit
1616 1728 1677 1768 illi
1704 1732 1835 1770 terrae
1872 1732 2094 1783 proprium,
2132 1738 2176 1775 ut
2211 1740 2304 1777 ante
2337 1739 2430 1790 equi

350 1797 462 1838 illius
500 1795 824 1847 compositionem
856 1799 898 1836 et
926 1797 1015 1846 post
1053 1793 1225 1834 eiusdem
1260 1793 1349 1844 equi
1384 1792 1775 1845 quantulamcunque
1815 1797 2121 1847 corruptionem
2141 1800 2272 1840 nullus
2307 1815 2431 1854 equus

342 1864 428 1904 sine
465 1861 573 1902 dorsi
610 1859 785 1901 tractura
819 1861 946 1912 possit
983 1860 1157 1912 equitem
1190 1856 1429 1911 aliquamdiu
1463 1856 1618 1898 vehere.
1654 1881 1711 1888 —
1772 1858 1929 1902 Ibidem
1966 1866 2026 1902 est
2053 1868 2161 1915 porta
2196 1865 2429 1917 firmissima„

343 1928 474 1968 instar
499 1924 652 1966 castelli
677 1922 904 1975 aedificata,
931 1926 1064 1967 valvas
1101 1925 1251 1966 habens
1277 1935 1554 1978 aereaanuas
1577 1935 1684 1964 nunc
1719 1924 1916 1966 satellites
1942 1930 2081 1968 tenent
2115 1929 2357 1983 imperiales,
2384 1935 2426 1976 in

278 2011 282 2015 ·
339 2005 421 2046 qua
432 1991 691 2032 constituerat
703 1989 896 2043 Virgilius
925 2006 1086 2032 muscam
1112 2004 1268 2039 aeneam,
1296 2002 1375 2041 qua
1399 1987 1556 2041 integra
1581 1994 1841 2039 permanente
1868 2005 1943 2034 nec
1968 2008 2048 2036 una
2073 2010 2206 2037 musca
2228 1998 2427 2041 civitatem

341 2058 475 2110 potuit
499 2058 661 2096 intrare.
686 2078 742 2085 —-
794 2055 896 2096 Sunt
936 2055 1086 2097 ibidem
1119 2056 1162 2095 in
1185 2059 1310 2096 castro
1345 2053 1472 2094 vicino
1499 2054 1542 2092 in
1569 2056 1781 2104 supercilio
1819 2057 1995 2100 civitatis
2027 2061 2200 2114 undique
2235 2065 2337 2104 mari
2363 2065 2422 2104 in-

343 2123 471 2173 cluso,
497 2134 576 2162 ossa
595 2118 775 2173 Virgilii,
801 2130 904 2173 quae
924 2122 957 2163 si
985 2121 1162 2163 libertati
1189 2122 1433 2172 exponuntur
1457 2118 1578 2167 aeris,
1605 2119 1729 2160 totius
1757 2120 1878 2163 facies
1905 2123 2008 2164 aeris
2034 2124 2283 2176 obscuratur,
2316 2141 2425 2171 mare

342 2186 521 2229 funditus
548 2185 739 2227 evertitur
765 2189 807 2226 et
823 2186 994 2226 tumidis
1019 2190 1173 2227 aestuat
1197 2186 1394 2238 procellis,
1420 2185 1698 2237 insperateque
1725 2190 1928 2241 consurgit
1955 2192 2143 2242 strepitus
2169 2196 2424 2244 tempestatis,

339 2254 434 2305 quod
458 2267 522 2293 noe
545 2252 706 2291 vidimus
730 2254 766 2290 et
783 2252 1027 2302 pmbam’mus.
1058 2276 1112 2283 —
1165 2251 1264 2293 Sunt
1286 2252 1328 2292 in
1351 2250 1479 2291 vicino
1516 2249 1604 2290 loco
1630 2252 1765 2303 Baiae,
1793 2266 1965 2304 quarum
1991 2257 2256 2300 meminerunt
2287 2263 2421 2302 aucto-

336 2330 423 2367 res,
451 2315 558 2369 apud
583 2329 682 2369 quas
710 2320 803 2356 sunt
829 2317 972 2357 balneae
1007 2317 1167 2370 Vir9il2'i
1190 2315 1350 2390 singulis
1380 2315 1628 2367 passionibus
1665 2317 1842 2368 corporis
1877 2320 2006 2364 utiles
2061 2322 2172 2364 Inter
2206 2338 2303 2377 quas
2335 2325 2419 2367 bal—

338 2396 439 2424 neas
463 2395 588 2422 unum
613 2384 675 2422 est
700 2381 920 2433 principale
956 2386 998 2423 et
1023 2383 1257 2432 maximum,
1281 2382 1324 2422 in
1349 2394 1426 2433 quo
1453 2383 1545 2420 sunt
1570 2381 1764 2454 imagines
1791 2383 1987 2426 hodierno
2013 2390 2189 2439 tempore
2226 2394 2421 2434 vetustate

339 2450 588 2494 consumtae,
612 2446 787 2499 singulas
823 2448 1067 2501 singularum
1108 2448 1279 2501 partium
1306 2446 1478 2498 corporis
1502 2445 1705 2498 passiones
1733 2446 2060 2495 demonstrantes.
2113 2453 2213 2495 Sunt
2251 2460 2293 2498 et
2316 2457 2420 2500 aliae

338 2511 533 2565 imagines
557 2524 725 2573 gypseae
752 2512 930 2566 singulae
958 2515 1132 2568 singulas
1167 2513 1327 2554 balneas
1353 2512 1668 2553 demonstrantes
1699 2513 1863 2566 singulis
1888 2517 2136 2567 passionibus
2161 2518 2423 2571 profutumsf‘

339 2577 442 2618 Tum
467 2581 677 2629 postquam
707 2576 908 2619 Conradus
933 2580 975 2619 111
997 2579 1257 2631 descriptione
1283 2579 1435 2619 itineris
1460 2590 1582 2629 usque
1609 2576 1661 2616 ad
1687 2576 1862 2620 Siciliam
1887 2581 2091 2635 descendit
2107 2588 2148 2624 et
2168 2587 2274 2638 apud
2290 2589 2418 2643 Aega-

342 2646 406 2684 tes
439 2642 589 2683 insulas
632 2642 739 2683 illius
772 2642 885 2685 Pauli
932 2646 1100 2698 apostoli
1135 2643 1313 2685 miraculi
1344 2643 1583 2684 mentionem
1611 2642 1724 2692 iecit,
1767 2658 1846 2697 quo
1888 2645 1956 2687 ille
1993 2661 2187 2691 venenoso
2224 2656 2421 2705 serpentis

338 2719 473 2747 morsu
497 2707 725 2749 vulneratus
743 2721 908 2750 manum
933 2709 1155 2762 intrepidus
1182 2710 1379 2751 excutiens
1406 2709 1591 2750 continuo
1619 2714 1779 2750 sanatus
1805 2713 1882 2760 est,
1911 2725 1960 2753 ex
1987 2726 2065 2765 quo
2091 2717 2283 2759 miraculo
2308 2725 2417 2772 post·
2484 2718 2490 2724 ”

338 2772 416 2813 hac
445 2772 598 2813 incolae
625 2773 733 2814 illius
760 2775 936 2828 regionis
963 2790 988 2816 a
1014 2777 1183 2816 cuiusvis
1207 2775 1398 2827 serpentis
1421 2788 1554 2815 morsu
1577 2775 1654 2813 tuti
1691 2774 1838 2814 redditi
1873 2776 1973 2826 sint,
2007 2780 2153 2821 iterum
2187 2783 2252 2824 his
2288 2787 2419 2828 verbis

337 2838 390 2878 ad
417 2838 630 2892 Virgilium
655 2839 781 2883 redit:
834 2839 1075 2889 „Caeterum
1101 2841 1153 2881 ad
1177 2844 1348 2889 mentem
1372 2840 1613 2888 reducimus,
1641 2840 1745 2892 quod
1773 2840 1879 2891 apud
1906 2833 2104 2896 Neapolin
2139 2852 2199 2889 est
2223 2853 2417 2902 quaedam

330 2908 453 2955 porta,
481 2917 581 2959 quae
599 2905 728 2956 semea
753 2911 1020 2958 nuncupatur,
1046 2907 1089 2947 in
1116 2919 1196 2959 qua
1220 2906 1412 2960 Virgilius
1439 2919 1574 2947 omnes
1598 2909 1778 2957 serpentes
1804 2905 1912 2945 illius
1938 2910 2113 2962 regionis
2138 2913 2314 2966 inclusit,
2347 2919 2416 2972 qui

337 2971 505 3016 propter
527 2968 708 3010 aedificia
735 2972 993 3012 subterranea
1019 2976 1060 3011 et
1076 2977 1242 3023 cryptae,
1268 2986 1369 3023 quae
1391 2973 1539 3013 ibidem
1556 2972 1751 3023 plurimae
1778 2976 1880 3018 sunt,
1900 2974 2125 3020 abundant·
2152 2994 2271 3032 quam
2293 2984 2416 3023 solam

335 3029 445 3072 inter
471 3035 623 3075 ceteras
650 3039 787 3088 portas
812 3037 1016 3080 destruere
1041 3036 1292 3087 timebamus,
1320 3051 1369 3079 ne
1397 3042 1597 3090 serpentes
1621 3034 1763 3078 inclusi
1791 3035 1839 3079 de
1867 3050 2025 3083 carcere
2063 3043 2309 3097 egredientes
2332 3050 2413 3090 ter-
