2781 3609
317 407 436 465 latini
463 425 656 466 sermonis
683 425 939 478 simplicitate
964 423 1172 473 recedam,
1196 424 1405 467 interdum
1430 427 1473 468 in
1500 428 1791 471 vocabulorum
1813 442 1888 471 usu
1912 432 2104 483 temporis
2121 435 2247 480 nostri
2260 448 2421 479 consue-

318 491 453 531 tudini
483 490 637 542 aliquid
663 491 838 531 dandum
866 503 952 531 esse
977 490 1124 531 censui.
1155 515 1167 529 .

426 556 652 607 Antequam
681 569 773 597 vero
807 555 860 595 ad
893 555 1001 606 ipsas
1035 554 1190 595 fabulas
1226 555 1277 595 de
1307 554 1477 606 Virgilio
1509 570 1612 608 maye
1652 557 1898 609 excogitatas
1927 562 2129 602 transeam
2163 575 2323 606 neeesse
2360 569 2422 607 est

317 623 424 660 certe
460 621 598 671 paucis
637 620 944 666 demonstrem,
970 618 1039 670 qui
1074 618 1255 660 accidere
1284 619 1477 670 potuerit,
1513 623 1558 660 ut
1599 621 1787 672 inprimis
1825 622 1996 676 Virgilio
2037 626 2115 667 ista
2158 627 2421 673 incantatoris

320 696 492 735 persona
528 686 808 735 imponeretur.
876 683 1064 731 Quamvis
1103 684 1210 724 enim
1251 684 1321 724 alii
1356 697 1512 735 quoque
1548 690 1728 726 veterum
1763 685 1862 727 clari
1896 690 1989 739 viri,
2031 695 2077 731 ut
2108 691 2341 735 Axistoteles
2376 700 2421 737 et,

318 748 528 798 Horatius,
558 749 759 790 nonnullis
782 747 976 790 eiusmodi
1003 748 1148 789 fabulis
1175 749 1568 804 adspergerentur*)‚
1609 754 1743 791 tamen
1772 751 1877 798 haec
1906 754 2064 808 singula
2097 760 2139 798 et
2168 770 2296 810 pauca
2327 772 2419 801 cum

316 813 390 855 illa
411 815 721 868 Virgilianorum
746 814 974 868 mythorum
1003 814 1170 856 colluvie
1199 814 1423 866 comparari
1444 828 1524 856 non
1543 814 1864 871 possunt-Haud
1887 817 2008 861 dubie
2024 820 2068 861 in
2085 822 2168 864 vita
2180 825 2417 878 scriptisque

319 881 404 922 eius
427 882 580 932 ·prima
624 894 742 921 causa
785 879 1028 932 requirenda
1070 883 1149 926 est,
1197 891 1440 930 quamquam
1472 878 1697 919 necessario
1738 879 1910 930 quilibet
1952 887 2115 926 conatus
2157 887 2418 931 incantatoris

321 947 524 986 notionem
552 960 573 986 e
601 950 743 996 poetae
768 946 904 987 indole
938 959 986 985 ac
1023 945 1106 984 vita
1143 944 1301 984 omnino
1338 942 1547 983 derivandi
1582 943 1634 984 ad
1669 944 1829 985 irritum
1869 946 2002 995 cadet,
2048 949 2141 1001 quia
2177 951 2220 990 in
2253 952 2326 992 tali
2360 967 2415 1003 re,

317 1012 470 1052 scilicet
496 1012 538 1051 in
565 1010 883 1051 consideratione
912 1009 1135 1062 argumenti
1165 1008 1290 1059 magis
1320 1008 1467 1058 poetici
1495 1022 1615 1061 quam
1643 1009 1845 1059 historici,
1873 1023 1946 1061 per
1970 1012 2088 1063 plura
2121 1015 2254 1057 secula
2287 1017 2416 1059 libero

316 1077 488 1117 fictionis
515 1076 684 1116 arbitrio
713 1076 945 1116 commutati
971 1079 1012 1115 et
1039 1072 1293 1125 amplificati,
1323 1073 1518 1115 interiora
1543 1074 1603 1114 rei
1630 1075 1787 1116 vincula
1809 1075 1959 1118 solvere
1986 1091 2066 1118 non
2091 1082 2175 1120 tam
2198 1079 2414 1126 historicae

316 1142 416 1182 artis
443 1145 524 1190 est,
553 1155 674 1193 quam
701 1140 942 1181 aestheticae
969 1143 1012 1180 et
1032 1139 1209 1179 criticae.

422 1207 479 1247 Ac
508 1207 681 1258 primum
706 1206 865 1258 quidem
892 1206 1071 1256 corporis
1096 1204 1205 1256 Virg
1231 1202 1418 1250 habitus,
1459 1201 1620 1254 gracilis
1661 1204 1702 1243 et
1728 1203 1934 1252 venustus,
1973 1203 2102 1256 qualis
2136 1206 2179 1246 in
2214 1221 2412 1252 marmore

312 1273 530 1325 gemmisve
563 1271 738 1321 sculptus
772 1270 958 1311 omnibus
992 1274 1085 1311 ante
1120 1268 1252 1309 oculos
1284 1270 1486 1315 versatur,
1522 1267 1566 1306 in
1599 1267 1695 1306 istas
1730 1266 1911 1307 notiones
1945 1267 1995 1309 de
2032 1271 2204 1312 terribili
2238 1273 2411 1326 quodam

313 1337 490 1381 venefico
516 1336 831 1386 daemonumque
858 1341 1030 1387 tyranno
1056 1347 1135 1374 non
1162 1332 1276 1372 valde
1303 1331 1503 1382 quadrare
1531 1332 1711 1379 videtur,
1737 1327 1980 1385 quamquam
2004 1334 2165 1377 illarum
2189 1338 2409 1392 imaginum

312 1402 462 1442 veritas
486 1402 640 1442 incerta
666 1406 738 1443 est.
807 1399 1003 1450 „Corpore
1029 1403 1071 1440 et
1098 1401 1253 1439 statura
1290 1396 1369 1437 fuit
1402 1396 1570 1449 grandi“
1606 1397 1665 1437 ait
1691 1395 1871 1437 Donatm
1901 1398 1947 1439 ιιι
1978 1399 2063 1441 vita
2090 1399 2220 1456 Vix-g„
2252 1406 2411 1458 „aquilo

312 1465 462 1515 colore,
490 1466 592 1507 facie
619 1467 841 1514 rusticana,
869 1465 1094 1507 valetudine
1121 1462 1254 1504 variat
1278 1474 1373 1502 nam
1401 1461 1636 1514 plerumque
1663 1475 1688 1502 a
1714 1461 1918 1503 stomacho
1945 1466 1986 1503 et
2012 1463 2191 1505 faucibus
2211 1465 2409 1510 acdoknn

312 1531 458 1581 capitis
484 1530 715 1577 laborabat
743 1532 976 1583 sanguinem
1001 1530 1125 1569 etiam
1149 1527 1307 1577 saepius
1338 1527 1471 1574 eiecit,
1500 1527 1581 1567 cibi
1606 1528 1765 1579 vinique
1790 1528 1976 1576 minimi“,
2001 1542 2024 1569 e
2051 1529 2196 1580 quibus
2225 1534 2406 1574 teneram

312 1597 397 1637 eius
426 1601 546 1648 atque
573 1595 815 1636 irritabilem
843 1595 1049 1646 nervisque
1065 1606 1228 1645 aegram
1245 1591 1424 1642 eorporis
1440 1591 1616 1644 indolem
1637 1606 1850 1646 agnoscere
1866 1593 2004 1644 possis.
2059 1593 2131 1635 Cui
2146 1593 2408 1649 descriptioni

312 1660 461 1702 addere
482 1662 595 1710 licet,
621 1674 724 1713 quae
745 1661 934 1701 Horatius
951 1659 1169 1713 (Satir.1,3,
1181 1658 1249 1709 29)
1267 1671 1289 1698 e
1309 1657 1548 1697 scholiastae
1568 1658 1766 1698 sententia
1775 1655 1988 1711 Virgilium
2004 1656 2226 1712 depingens
2242 1663 2406 1707 cecim‘t

806 1724 1061 1773 „Iracundior
1086 1727 1147 1763 est
1172 1722 1309 1773 paulo,
1335 1723 1468 1763 minus
1493 1726 1608 1773 aptus
1633 1723 1761 1764 acutis
1834 1757 1860 1782 3

718 1840 727 1850 ⁸
806 1791 978 1832 Naribus
1004 1790 1147 1830 horum
1174 1789 1400 1843 hominum3
1427 1788 1553 1830 rideri
1579 1788 1704 1841 possit
1728 1802 1796 1839 eo,
1819 1787 1927 1842 quod

803 1855 1003 1896 Rusticius
1028 1857 1144 1894 tonso
1170 1858 1264 1907 toga
1289 1853 1430 1895 defluit
1453 1857 1495 1895 et
1517 1854 1621 1896 male
1645 1854 1761 1895 lanis

800 1922 848 1961 In
875 1921 976 1971 pede
1000 1920 1159 1960 calceus
1185 1920 1356 1961 haeret.“

307 1985 397 2026 Huc
424 1985 642 2028 accedebat
669 1987 894 2028 sanctitatis
926 1989 969 2027 et
1000 1985 1244 2037 virginitatis
1277 1985 1365 2025 laus
1400 1986 1542 2036 postus
1580 1997 1704 2037 usque
1738 1982 1970 2025 adhaerens
2039 1984 2219 2027 Donatus
2252 1990 2404 2037 mim&

307 2051 523 2105 Virgilium
547 2054 652 2095 vitae
678 2051 1063 2094 continentissimum
1090 2050 1210 2092 fuisse
1233 2063 1281 2091 ac
1306 2050 1392 2098 sine
1415 2050 1641 2101 suspicione
1668 2049 1788 2090 ullius
1811 2048 1915 2099 vitii,
1933 2053 1985 2090 ⁴ut
1997 2051 2154 2104 Hispali
2164 2051 2401 2095 Parthenias
2444 2073 2449 2079 ·

304 2117 333 2158 i.
359 2131 396 2158 e.
424 2118 637 2170 Virgineus
662 2117 944 2168 appellaretur.
1009 2117 1262 2167 Quantopere
1290 2128 1382 2155 vero
1407 2116 1493 2155 eius
1520 2115 1782 2156 admiratores
1805 2116 1938 2166 ipsum
1963 2119 2104 2167 poetam
2129 2131 2298 2167 nomen,
2334 2117 2400 2160 vul

305 2181 360 2223 ad
388 2183 659 2236 virginitatem
686 2182 749 2222 vel
776 2181 829 2222 ad
851 2182 1008 2234 virgam
1036 2182 1223 2223 nimirum
1248 2182 1445 2234 magicam
1472 2194 1640 2234 eamque
1666 2184 1876 2232 praeterea
1898 2185 2066 2224 amatre
2087 2182 2400 2225 cimianum

303 2247 450 2296 visam,
488 2248 550 2289 vel
574 2248 627 2288 ad
653 2248 843 2295 virorem,
880 2246 931 2287 ad
960 2246 1157 2300 Vergilias
1193 2248 1275 2288 sive
1303 2246 1502 2295 Pleiades,
1539 2246 1591 2287 ad
1618 2260 1705 2295 ver,
1737 2246 1791 2286 nd
1827 2247 2103 2289 verecundiam
2139 2249 2401 2300 respicientes

302 2317 427 2365 atque
461 2314 663 2365 ambigua
684 2311 857 2351 nominis
905 2311 1120 2361 scriptione
1165 2312 1335 2353 feliciter
1378 2316 1554 2361 utentes,
1598 2312 1767 2365 mystico
1807 2324 1925 2353 sensu
1967 2316 2265 2364 exomvetiiit,
2304 2328 2397 2368 epm

303 2384 514 2431 praeterea
548 2379 672 2420 etiam
709 2376 881 2417 materni
917 2377 1089 2417 nominis
1123 2377 1338 2428 appellatio
1382 2378 1490 2420 inter
1522 2378 1672 2420 Maiam
1707 2380 1749 2419 et
1779 2377 1937 2431 Magam
1969 2377 2178 2423 fluctuaret
2219 2383 2262 2422 et
2297 2377 2399 2421 adeo

306 2446 494 2487 Mantuae
514 2444 626 2485 urbis
647 2455 792 2483 nomen
808 2446 900 2482 cum
917 2442 1094 2493 nympha
1105 2442 1303 2496 Manto**)
1320 2447 1364 2484 et
1382 2442 1560 2498 μαντείᾳ
1590 2444 1907 2496 coniungeretur,
1935 2445 2185 2485 notissimum
2209 2446 2274 2487 ost
2290 2446 2332 2484 et
2352 2443 2397 2483 in

303 2517 483 2552 nostrum
519 2512 640 2552 finem
677 2522 775 2549 sane
813 2507 1121 2548 convertendum
1157 2522 1279 2560 quum
1317 2509 1466 2550 Donati
1501 2507 1600 2549 fides
1642 2511 1897 2562 caeteroquin
1941 2514 2126 2561 suspecta
2159 2510 2204 2551 ιιι
2242 2508 2319 2550 hac
2350 2521 2398 2550 ro

299 2576 534 2628 neutiquam
555 2574 764 2614 offensioni
783 2573 855 2621 sit,
880 2572 1093 2629 dummodo
1112 2573 1271 2615 credere
1293 2574 1430 2623 liceat,
1457 2574 1637 2615 homines
1663 2575 1750 2616 aevi
1772 2576 2003 2626 posterioris
2020 2576 2058 2617 ei
2071 2574 2191 2616 fidem
2208 2573 2397 2614 habuisse

304 2647 346 2682 et
374 2656 422 2682 ex
449 2655 496 2681 eo
520 2653 612 2679 suas
639 2640 691 2680 de
719 2639 891 2691 Virgilio
928 2640 1110 2679 notiones
1146 2640 1385 2682 immutasse
1449 2640 1588 2692 Neque
1624 2654 1717 2685 vero
1754 2640 1855 2681 illud
1890 2639 2287 2691 praetermittendum
2326 2642 2400 2687 est,

303 2722 325 2749 e
354 2705 632 2747 nonnullorum
659 2704 846 2755 opinione
874 2703 1062 2745 Mantuae
1092 2704 1134 2743 ιιι
1162 2703 1322 2757 Virgilii
1349 2709 1468 2757 partu
1493 2709 1643 2747 terram
1670 2718 1755 2759 esse
1783 2708 1932 2746 motam
1953 2708 1993 2757 et
2008 2705 2159 2758 virgam
2172 2703 2395 2756 populeam,

303 2772 489 2813 arborem
518 2769 678 2822 Virgilii
696 2769 872 2823 dictam,
901 2769 1050 2822 quippe
1076 2769 1183 2821 quod
1210 2771 1282 2810 sub
1310 2775 1469 2822 partum
1496 2773 1639 2823 poetae
1661 2772 1706 2811 ιιι
1731 2770 1964 2811 memoriam
1981 2769 2048 2810 ·rei
2073 2769 2255 2820 plantata
2282 2769 2398 2814 esset,

302 2850 457 2877 summa
486 2836 740 2888 gravidarum
768 2836 1000 2885 mulierum,
1026 2849 1128 2887 quae
1157 2836 1215 2876 ibi
1242 2840 1334 2878 vota
1359 2838 1624 2888 susciperent,
1649 2837 1844 2889 religione
1870 2835 1943 2877 diu
1969 2839 2239 2878 consecratam
2265 2833 2400 2883 fuisse,

414 2991 448 3031 ¹⁸)
471 2988 519 3024 cf.
547 2988 685 3022 Memor.
710 2998 741 3031 p.
762 2989 818 3023 29.

391 3050 446 3090 **)
470 3045 518 3079 cf.
542 3048 626 3079 Aen.
651 3046 692 3086 X,
719 3047 784 3080 200
806 3050 840 3079 et
863 3045 974 3079 Dante
996 3045 1134 3103 Inferiio.
1150 3044 1227 3086 XX,
1252 3045 1304 3078 88.
