2781 3609
2395 344 2449 396 is'

367 470 459 499 cum
493 468 544 497 ex
578 452 735 496 statutis
769 451 923 493 ordinis
948 451 1009 492 Sti
1045 449 1238 503 Spiritus,
1278 463 1383 492 anno
1410 454 1511 493 1352
1538 451 1715 505 fundati,
1748 456 1791 497 in
1817 469 1865 498 eo
1896 457 1986 510 ipso
2012 456 2064 498 ab
2092 469 2164 498 ovo
2187 456 2443 501 denominato

364 517 526 562 castello
550 531 672 571 prope
698 518 861 572 Virgilii
889 519 1071 569 cryptam
1096 515 1308 568 quotannis
1341 518 1560 556 conventus
1594 521 1871 562 canonicorum
1904 521 2173 575 haberemr.⁸)
2227 522 2287 563 De
2325 535 2444 564 sensu

365 584 553 627 obscurae
579 582 864 636 inscriptionis,
891 593 1012 635 quam
1038 593 1089 622 ex
1113 579 1184 622 illo
1212 579 1374 622 castello
1401 579 1450 622 de
1478 580 1597 622 Rossi
1618 582 1661 622 in
1686 582 1814 625 lucem
1836 587 2002 637 protulit
2026 591 2069 629 et
2092 600 2194 640 quae
2231 588 2442 631 manifesto

363 647 417 691 ad
437 648 548 692 illam
574 647 893 703 superstitionem
916 645 1116 699 pertinett

911 710 994 753 Ovo
1015 711 1119 753 mira
1145 722 1246 751 novo
1268 710 1326 751 sic
1353 723 1425 752 ovo
1455 723 1536 751 non
1564 711 1683 753 tuber
1707 726 1779 754 ovo

918 777 1064 819 Dorica
1088 779 1219 819 castra
1243 775 1378 818 cluens
1398 779 1515 834 'tutor
1542 782 1736 819 temerare
1763 777 1911 829 timeto,

362 851 524 892 videant
544 847 782 897 interpretes
809 837 1120 893 inscriptionum.
1173 842 1222 882 In
1248 842 1318 882 illo
1341 855 1436 884 vero
1463 841 1645 891 castello,
1673 843 1778 895 quod
1792 843 1951 897 Virgilii
1968 859 2053 887 ossa
2071 846 2310 887 continuisse
2328 846 2438 889 vide-

364 918 430 956 tur
453 917 496 956 et
519 912 569 954 de
591 922 669 964 quo
696 907 803 950 infra
813 908 959 949 iterum
971 905 1182 949 dicendum
1193 906 1288 954 erit,
1315 906 1507 948 Romulus
1519 920 1674 959 quoque
1685 906 1944 960 Augustulus,
1973 909 2133 951 ultimus
2147 910 2442 954 illeCeesarum

363 976 627 1017 Romanorum
650 971 804 1025 antiqui
831 972 1036 1024 temporis,
1063 972 1106 1012 in
1132 970 1288 1011 vincula
1312 972 1515 1013 coniectus
1537 971 1683 1013 obiisse
1711 971 1866 1013 dicitur.
1937 973 2145 1015 Caeterum
2171 976 2291 1017 etiam
2318 976 2439 1020 hodie

364 1040 532 1094 mystica
543 1036 736 1093 quaedam
748 1036 923 1088 ampulla
934 1040 1135 1091 tamquam
1146 1036 1332 1087 Neapolis
1345 1036 1568 1078 Palladium
1591 1051 1616 1077 a
1637 1039 1909 1089 superstitiosa
1921 1039 2256 1090 11181188110181111,
2283 1042 2438 1083 scilicet

366 1104 426 1146 Sti
434 1103 610 1145 Ianuarii
623 1115 761 1143 cruore
773 1102 946 1153 repleta,
964 1102 1033 1154 qui
1047 1101 1157 1142 varia
1177 1101 1329 1142 ratione
1346 1102 1390 1142 in
1403 1101 1551 1154 pagani
1577 1101 1684 1143 illius
1696 1103 1855 1154 patroni
1871 1103 2001 1144 locum
2017 1104 2245 1146 successisse
2269 1105 2437 1149 videm.

366 1173 421 1227 Π.
442 1191 627 1234 Virgilius
650 1188 784 1232 portae
797 1188 963 1223 Nolon-‚e
987 1189 1058 1223 duo
1079 1186 1243 1231 capitum
1266 1186 1415 1229 effigies
1437 1187 1555 1223 Pario
1575 1198 1763 1224 munnere
1784 1190 1898 1233 clipei
1919 1190 2042 1224 forma
2055 1190 2243 1225 confectas
2264 1192 2439 1238 imponit,

923 1242 1113 1277 intraturo
1136 1241 1197 1276 vel
1217 1240 1342 1276 fausta
1368 1241 1428 1276 vel
1454 1241 1615 1280 advers·
1637 1244 1880 1286 augurantes.

470 1308 600 1350 Rem
589 1321 717 1361 1psam
736 1307 858 1349 fusius
874 1306 1112 1360 descriptam
1129 1318 1249 1358 supra
1274 1296 1381 1357 apud
1393 1305 1612 1346 Gewasium
1638 1305 1703 1361 (cf.
1713 1319 1750 1358 p.
1763 1306 1805 1361 8)
1822 1305 2000 1360 legimus.
2048 1307 2249 1357 Villanius,
2267 1309 2336 1361 qui
2352 1308 2435 1353 fere

366 1374 475 1416 idem
484 1373 616 1422 refert,
636 1387 721 1426 cap.
733 1377 783 1416 30
804 1372 930 1421 addit,
948 1372 1024 1412 hoc
1041 1384 1138 1423 opus
1153 1370 1327 1411 mirabili
1349 1371 1603 1436 planetarum
1628 1371 1769 1413 effectu
1796 1374 2067 1423 comparatum
2091 1385 2175 1413 esse
2202 1376 2243 1413 et
2269 1374 2441 1416 alterum

363 1443 483 1492 caput
509 1439 699 1481 muliebre
726 1439 846 1480 fuisse
870 1437 1091 1480 accuratius
1117 1436 1243 1478 docet.
1296 1435 1354 1478 Ut
1381 1422 1579 1489 hodieque
1601 1437 1836 1478 interdum
1825 1452 1867 1478 111
1885 1437 2049 1478 vetustis
2065 1437 2254 1480 aedificiis
2273 1440 2439 1484 diversis

362 1505 412 1553 de
439 1504 566 1546 causis
593 1505 767 1557 capitum
793 1503 943 1557 effigies
969 1501 1190 1561 parietibus
1214 1501 1382 1542 insertas
1411 1501 1640 1553 conspicere
1665 1503 1809 1553 possis,
1845 1502 1904 1542 ita
1928 1502 2049 1543 etiam
2076 1502 2125 1543 de
2149 1505 2311 1558 antiquo
2334 1510 2437 1548 tem-

362 1584 457 1622 pore
485 1570 631 1610 similia
655 1569 840 1619 reperias,
893 1567 956 1607 Ita
973 1566 1155 1608 Valerius
1176 1567 1370 1607 Maximus
1396 1566 1458 1621 (5,
1489 1571 1536 1613 6,
1567 1569 1608 1620 3)
1637 1570 1777 1620 capitis
1802 1568 1974 1622 effigiem
2000 1581 2155 1608 aeream
2174 1574 2312 1621 portae
2330 1572 2437 1612 Rau·

360 1635 597 1676 dusculanae
623 1633 732 1674 urbis
763 1632 909 1673 Romae
935 1632 1128 1673 inclusam
1152 1632 1271 1674 fuisse
1309 1635 1458 1674 narrat.
1512 1632 1662 1683 Aptum
1687 1636 1748 1671 est
1774 1644 1863 1672 cum
1889 1633 1965 1673 hac
1991 1647 2035 1674 re
2053 1647 2304 1685 componere,
2329 1637 2437 1688 quod

362 1692 557 1742 Villanius
579 1710 663 1750 cap.
693 1701 743 1739 27
769 1700 923 1746 narrat,
946 1697 1113 1739 eundem
1126 1696 1339 1751 Virgilium
1357 1696 1525 1748 Neapoli
1554 1699 1725 1749 quatuor
1751 1700 1997 1738 mortuorum
2024 1699 2155 1751 capita
2177 1700 2325 1742 alicubi
2343 1715 2435 1743 con-

361 1766 556 1812 stituisse,
582 1777 681 1815 quae
709 1776 802 1803 vera
827 1774 1014 1813 responsa
1040 1762 1183 1802 darent
1208 1763 1550 1815 interrogantibus
1580 1762 1629 1802 de
1656 1775 1699 1802 re
1725 1762 1902 1813 qualibet
1928 1764 1971 1803 in
1997 1769 2166 1816 quatuor
2184 1765 2292 1806 orbis
2307 1768 2437 1820 regio·

361 1831 477 1872 nibus
503 1832 636 1882 gesta,
660 1828 718 1868 ita
742 1830 788 1867 ut
813 1827 944 1868 omnia
966 1826 1316 1878 Neapolitanorum
1339 1827 1430 1868 duci
1458 1826 1706 1878 patefierent.
1734 1827 1921 1879 Magnam
1935 1841 2028 1868 vero
2049 1828 2140 1869 huic
2158 1829 2327 1872 fabellae
2346 1847 2437 1873 cum

362 1894 431 1936 illa
446 1894 625 1935 Romana
651 1892 730 1941 de,
731 1881 962 1941 ,Salvatione
980 1892 1158 1942 Romae&
1178 1906 1297 1945 quam
1312 1892 1394 1933 iam
1417 1905 1538 1944 supra
1564 1892 1685 1945 attigi·
1710 1895 1750 1933 et
1772 1892 1820 1933 de
1840 1905 1919 1945 qua
1934 1892 2040 1934 infra
2058 1893 2212 1945 plenius
2226 1895 2438 1939 dicendum

362 1961 457 2008 erit,
498 1958 795 1999 similitudinem
830 1958 1089 2005 intercedere,
1115 1971 1229 1998 nemo
1245 1970 1324 1998 non
1344 1958 1460 1998 videt
1519 1958 1728 1997 Caeterum
1746 1958 1822 1998 hoc
1843 1973 1909 1997 νεν
1899 1973 1976 2009 .ροι
1980 1973 2021 1996 ια
2025 1958 2160 2007 ι”τειας
2175 1975 2298 2012 genus
2314 1964 2437 2004 etiam

366 2025 463 2066 alibi
491 2022 788 2066 commemorari
815 2025 855 2063 et
887 2022 990 2064 inter
1016 2021 1114 2063 alios
1140 2035 1165 2063 a
1190 2022 1354 2064 Gautier
1381 2022 1430 2063 de
1450 2021 1556 2062 Metz
1568 2021 1708 2075 (1245)
1717 2022 1883 2086 1181118ιρ,
1908 2025 2027 2073 caput
2052 2023 2227 2066 eiusdem
2254 2028 2432 2080 magicae

360 2090 505 2131 indolis
531 2103 556 2130 a
582 2086 751 2140 Virgilio
788 2090 1020 2138 apparatum
1055 2100 1162 2135 esse,
1212 2090 1347 2128 monet
1373 2087 1542 2128 Rothius
1568 2087 1594 2128 1.
1619 2087 1643 2126 L
1671 2101 1850 2136 censens,
1879 2101 2014 2129 omnes
2037 2088 2110 2129 has
2137 2089 2314 2133 fictiones
2351 2092 2432 2134 for-

364 2160 467 2198 tasse
495 2169 519 2196 a
545 2155 726 2201 Gerberto,
751 2152 1006 2194 celeberrimo
1032 2153 1101 2193 illo
1127 2152 1280 2204 magiae
1311 2153 1508 2193 immerito
1535 2153 1763 2194 insimulato
1787 2167 1893 2205 papa
1920 2154 2115 2207 Sylvestre
2143 2157 2194 2219 ad
2223 2156 2437 2211 Virgilium

362 2221 596 2264 translatum
622 2231 718 2260 esse.

623 2295 699 2330 ΠΙ.
721 2295 905 2337 Virgilius
927 2293 1122 2328 macellum
1144 2295 1198 2329 sic
1224 2295 1431 2337 construit,
1454 2294 1496 2328 ut
1519 2303 1706 2337 nunquam
1727 2295 1767 2329 in
1789 2304 1833 2329 eo
1857 2305 1947 2331 caro
1970 2298 2179 2340 putrescat.

313 2385 317 2389 ·
463 2368 678 2411 Gervasius,
706 2363 877 2411 Necoam,
900 2362 1130 2402 Helinandus
1154 2361 1197 2403 in
1223 2361 1360 2403 eadem
1378 2375 1421 2402 re
1450 2366 1689 2415 congruunt,
1707 2364 1893 2403 conradus
1911 2377 2003 2405 vero
2018 2364 2208 2406 miraculo
2223 2365 2434 2408 imminuto

360 2433 437 2474 ait:
465 2443 558 2483 „per
585 2441 654 2469 sex
680 2426 948 2468 hebdomades
974 2439 1111 2467 recens
1133 2429 1308 2474 maneat,
1337 2426 1371 2466 si
1397 2430 1645 2478 exportetur,
1672 2427 1852 2470 foeteat.“
1904 2428 2038 2469 Etiam
2070 2430 2254 2471 Villaniu&
2277 2443 2363 2481 cap.
2377 2433 2431 2472 22

332 2494 341 2501 ‘
360 2496 458 2537 haec
483 2490 640 2535 narrat:
678 2492 799 2541 „Quia
824 2491 920 2532 urbs
944 2491 1080 2532 Austri
1106 2490 1268 2539 molesto
1295 2490 1428 2532 ardori
1455 2491 1635 2543 exposita
1661 2496 1738 2541 est,
1774 2506 1852 2545 quo
1879 2505 1972 2533 caro
2000 2493 2116 2534 facile
2144 2493 2284 2534 vitium
2309 2495 2430 2546 capit,

357 2561 549 2615 Virgilius
576 2559 727 2610 aliquot
753 2556 923 2597 frustula
949 2557 1079 2598 carnis
1104 2556 1205 2597 varii
1227 2556 1380 2609 generis
1403 2560 1490 2597 arte
1517 2557 1671 2609 magica
1695 2572 1787 2598 usus
1810 2559 1854 2598 in
1879 2570 1976 2598 arcu
2003 2556 2176 2609 quodam
2198 2558 2278 2611 („de
2295 2562 2331 2600 la
2344 2563 2428 2601 Bu-

357 2622 497 2676 zarid‘)
521 2622 599 2663 fori
625 2623 787 2671 veteris,
822 2622 866 2662 in
892 2636 970 2675 quo
1001 2623 1083 2664 iam
1109 2619 1257 2661 dudum
1294 2634 1430 2662 carnes
1463 2621 1670 2672 venibant,
1706 2623 1920 2675 suspendit.
1974 2621 2062 2669 Quo
2089 2620 2237 2663 factum
2264 2628 2346 2673 est,
2381 2628 2431 2666 ut

357 2701 468 2738 caro,
493 2700 595 2741 quae
612 2686 713 2728 forte
733 2690 925 2729 emtorem
943 2701 1024 2729 non
1038 2685 1269 2740 reperisset,
1288 2698 1360 2738 per
1377 2686 1596 2738 complures
1613 2683 1879 2726 hebdomades
1900 2685 2129 2726 conservari
2145 2691 2298 2739 posset,
2318 2689 2435 2732 nulla,

355 2753 565 2828 putredine
590 2750 816 2801 accedente,
842 2751 947 2793 salsa
968 2765 1067 2794 vero
1087 2764 1160 2804 per
1187 2756 1268 2793 tres
1292 2765 1414 2794 annos
1439 2758 1480 2794 et
1505 2751 1704 2803 amplius‘g
1718 2763 1839 2803 quam
1851 2749 2087 2792 relationem
2103 2750 2212 2794 haud
2225 2754 2283 2796 ita
2307 2756 2430 2799 mira·

354 2820 478 2863 bilem
502 2819 584 2860 iam
608 2815 826 2858 Neocamus
851 2816 950 2859 adeo
975 2822 1111 2872 auget,
1146 2820 1192 2858 ut
1217 2817 1446 2867 contendat,
1474 2831 1632 2859 carnem
1656 2816 1740 2857 illic
1764 2813 1854 2868 post
1876 2816 2117 2890 quingentos
2142 2832 2267 2874 annos
2291 2833 2431 2862 recen·

357 2884 559 2928 tissimam
571 2884 772 2935 repertam
797 2895 893 2925 esse.

462 3056 496 3097 ⁸)
518 3053 566 3089 ef.
590 3053 805 3089 montfaucon
826 3052 908 3087 diat.
929 3053 1002 3087 Itu.
1025 3053 1069 3095 11,
1094 3054 1168 3089 389.
1598 3027 1621 3057 ‘
