2781 3609
379 436 423 475 et
447 443 541 474 mex
565 434 697 474 coetus
722 433 936 485 spirituum
959 429 1311 472 ixmummbffium
1336 430 1647 480 comparendum
1663 436 1704 473 et
1729 432 1967 474 dicentium:
2001 432 2182 482 Domine,
2200 432 2298 486 quid
2309 433 2452 476 iuben?

381 496 702 550 nudauerat.
762 497 1031 549 Ipseautem
1070 493 1141 548 qui
1174 492 2156 550 hosetaliosspititusapudmagismnnsuum
2189 497 2324 541 videre
2357 507 2452 541 cume

380 566 581 613 metat,
609 573 690 606 non
712 561 943 612 abhorruit,
969 560 1060 611 sed,
1081 562 1130 621 ut
1150 557 1261 607 illico
1286 572 1314 601 a
1337 558 1439 611 pede
1472 558 1618 600 montis
1642 560 1757 601 istius
1782 573 1905 615 usqne
1931 561 1984 604 ad
2008 561 2113 604 lauis
2136 561 2303 605 alterins
2328 561 2457 616 petiis

375 627 455 671 iter
473 630 584 672 recto
604 627 999 670 distento-diametro
1024 625 1208 678 planum
1247 622 1403 678 largum
1429 627 1472 664 et
1495 624 1622 665 latum
1657 622 1709 665 ad
1734 626 1904 679 mediam
1928 627 2078 669 lentam
2112 627 2332 682 (leneamt')
2357 640 2447 680 per·

375 691 522 737 durans
547 696 590 737 et·
613 694 739 743 ulfi-a,
766 695 812 734 ut
836 690 1043 734 ambulare
1066 689 1193 743 possit
1219 689 1306 732 sine
1332 688 1499 732 terroris
1523 688 1825 741 impedimento,
1845 703 2091 743 persaxeum
2113 695 2448 736 montemconea·

374 761 534 807 vetent,
550 757 822 800 demandavitz
848 756 955 809 quod
967 753 1324 805 illicofactumest,
1341 758 1462 808 prout
1478 755 1543 796 his
1560 759 1727 807 apparet
1738 755 1897 806 diebus,
1918 759 2055 798 ettam
2070 758 2259 800 velociter
2271 755 2445 811 quidem,

374 823 486 876 qnod
507 823 665 864 eosdem
690 822 853 873 spiritus
878 821 963 872 ipse
989 820 1127 861 taliter
1150 819 1379 862 laborantes
1403 820 1664 872 sequebatur,
1692 826 1734 863 et
1758 823 1875 863 citius
1888 822 2005 878 solito
2019 822 2070 862 ad
2084 810 2316 876 magistrum
2334 834 2452 865 suum

376 887 656 931 revertebatur.
708 885 827 929 Unde
851 884 947 926 dum
969 885 1185 927 nutaretur
1199 883 1395 939 Virgilius
1419 882 1470 926 de
1497 888 1582 926 tam
1609 885 1742 930 subita
1766 875 1896 930 nuntii
1923 887 2163 937 reversione,
2187 902 2272 931 rem
2296 892 2454 944 gestam

378 964 453 1007 per
475 953 604 1006 ipsum
628 951 841 994 secundnm
866 949 1049 992 ordinem
1074 952 1279 992 nauatam
1303 949 1573 1003 perquirendo
1598 950 1789 1003 percepit.
1855 949 1983 1004 Igitur
2008 950 2059 993 ad
2087 957 2224 996 nutum
2246 954 2454 998 Octaviani

379 1019 456 1059 hoc
479 1019 558 1059 iter
580 1018 908 1058 submontaneum
929 1016 1111 1056 inaesum
1135 1015 1180 1054 in
1201 1015 1290 1056 dies
1311 1015 1525 1056 hodiernos
1547 1018 1787 1066 permansit,
1813 1020 1933 1068 prout
1951 1030 2026 1069 ego
2039 1018 2151 1058 Felix
2168 1020 2318 1061 dictum
2334 1023 2448 1072 pala

377 1082 496 1131 tium.
533 1082 709 1126 thermas
738 1082 780 1121 et
810 1078 1066 1122 aestivat-ium
1100 1077 1183 1119 eive
1220 1076 1424 1120 sudarium
1450 1081 1492 1120 et
1518 1079 1664 1121 montis
1688 1081 1974 1124 concavitatem
1999 1084 2257 1134 personaliter
2279 1085 2451 1130 videndo

377 1146 621 1201 perlustravi.
658 1168 713 1175 —-
747 1145 850 1185 Item
884 1143 1048 1197 legitur,
1086 1142 1238 1184 dictum
1264 1141 1478 1197 Virgilium
1511 1144 1554 1184 in
1564 1129 1694 1196 porta
1719 1145 1906 1199 Neapolis
1929 1147 2067 1189 fecisse
2092 1163 2251 1191 muscam
2276 1164 2453 1202 aeneam,

375 1225 476 1266 quae
502 1223 636 1252 omnes
661 1210 761 1251 alias
787 1221 942 1249 muscas
967 1208 1020 1248 ab
1044 1207 1144 1249 urbe
1169 1208 1401 1259 repellebat.
1411 1209 1611 1250 -Item
1597 1221 1641 1249 m
1658 1209 1797 1251 eadem
1822 1212 1920 1253 urbe
1948 1212 2096 1254 dicitur
2112 1217 2299 1256 maaeuum
2324 1219 2451 1257 taliter

382 1276 660 1323 construxisse,
684 1277 730 1315 ut
754 1272 903 1315 ibidem
928 1284 1067 1314 carnes
1089 1284 1170 1314 non
1188 1277 1349 1324 possent
1366 1276 1605 1346 putrescere.
1616 1274 1781 1317 —01tem
1803 1276 2005 1328 quendam
2023 1282 2169 1321 hoo-tum
2184 1280 2351 1334 legimus
2360 1282 2451 1323 Vir

378 1343 517 1397 gilium
540 1341 690 1383 ibidem
715 1340 936 1392 plantasse,
962 1339 1033 1391 qui
1058 1351 1133 1390 per
1157 1338 1332 1399 pluviam
1358 1338 1520 1379 minime
1548 1342 1678 1380 tactus
1703 1340 1959 1383 nihilominus
1985 1343 2244 1386 instructibus
2264 1349 2454 1400 tanquam

378 1408 585 1460 pmadisus
610 1405 745 1447 floruit
771 1404 1023 1446 fertilissimo.
1053 1427 1107 1433 —
1129 1403 1232 1445 Item
1270 1392 1419 1444 ibidem
1456 1406 1518 1443 est
1550 1406 1711 1444 caedrum
1740 1405 1997 1447 fortissimum
2035 1422 2158 1460 prope
2184 1412 2385 1454 civitatem
2411 1414 2455 1454 in

380 1472 501 1516 maris
514 1470 722 1524 profundo
746 1470 906 1519 dictum,
929 1471 1090 1508 matrum
1118 1469 1197 1517 Ovi,
1223 1467 1361 1510 taliter
1387 1466 1613 1508 firmatum:
1640 1481 1733 1510 nam
1755 1470 1798 1510 in
1824 1483 1894 1512 suo
1918 1470 2049 1513 medio
2075 1477 2136 1515 est
2159 1474 2456 1530 quaedampaa

377 1551 482 1578 aenea
506 1537 657 1577 rotunda
682 1538 850 1586 tanquam
877 1547 981 1573 ovum
1008 1545 1130 1584 super
1153 1533 1355 1573 columnas
1381 1536 1550 1584 quatuor
1580 1533 1782 1586 eleganter
1809 1539 1851 1577 et
1884 1535 2053 1577 multum
2086 1539 2346 1582 artificialiter
2380 1554 2455 1593 per

379 1602 592 1656 Virgilium
617 1599 814 1653 quondam
840 1601 989 1647 erecta,
1029 1598 1073 1638 in
1101 1610 1143 1639 se
1169 1598 1374 1640 continens
1398 1598 1604 1650 spiritumz
1640 1599 1746 1652 quod
1771 1613 1903 1649 ovum,
1939 1602 1973 1642 si
1999 1604 2134 1654 quovis
2151 1605 2267 1648 modo
2288 1621 2445 1662 rumpe-

378 1671 507 1717 retur,
551 1669 721 1708 castrum
755 1666 847 1705 mox
879 1664 922 1705 in
959 1663 1157 1717 abyssum·
1179 1663 1302 1705 maris
1329 1666 1586 1717 mergeretur.
1652 1664 1767 1707 Unde
1807 1666 1870 1707 his
1905 1663 2045 1708 diebus
2081 1681 2196 1712 ovum
2231 1672 2456 1718 huiusmodi

379 1733 683 1786 praemissorum
707 1730 910 1770 occasione
934 1729 1236 1782 diligentissima
1261 1729 1441 1770 custodia
1454 1730 1641 1772 munitur.
1694 1731 1810 1772 Unde
1824 1733 1965 1773 horum
1987 1736 2029 1773 et
2040 1734 2209 1776 aliorum
2222 1739 2456 1782 meritorum

380 1799 529 1840 intuitu
554 1795 796 1849 Augustinus
826 1795 895 1838 lib.
925 1794 1003 1835 VII
1039 1794 1090 1836 de
1116 1794 1277 1836 civitate
1304 1794 1370 1835 dei
1396 1794 1614 1847 Virgilium
1640 1795 1817 1837 nominat
1841 1798 1970 1839 virum
1997 1799 2244 1852 gloriosum.“

484 1863 593 1905 Fieri
617 1873 697 1901 non
721 1859 868 1911 potuit,
897 1860 994 1912 quin
1020 1860 1063 1899 in
1089 1859 1165 1900 hac
1188 1860 1417 1913 mythorum
1445 1859 1757 1912 Virgilianorum
1784 1861 1986 1912 ubertate,
2013 1865 2082 1917 qui
2109 1865 2238 1906 subito
2261 1872 2455 1917 proventu

381 1929 551 1980 undique
578 1925 846 1978 pullulabant,
869 1925 1103 1975 praesertim
1129 1936 1218 1964 cum
1245 1925 1519 1976 superstitiosa
1545 1926 1633 1965 aevi
1667 1924 1820 1965 indoles
1845 1926 1896 1966 ad
1914 1922 2086 1982 magicas
2112 1944 2176 1971 res
2201 1931 2313 1972 valde
2340 1934 2453 1974 incli—

385 1997 520 2040 naret,
549 1990 710 2038 tandem
736 1989 862 2029 maior
886 2001 1021 2030 earum
1047 2001 1158 2039 pare,
1185 1989 1337 2030 scilicet
1356 2001 1423 2036 ea,
1451 2000 1555 2040 quae
1573 1988 1708 2039 lepida
1724 2002 1770 2037 ag:
1786 1991 1942 2040 poetica
1960 1993 2088 2036 forma
2106 1995 2253 2036 erotica
2268 2009 2448 2047 praeser-

381 2059 455 2098 tim
464 2057 694 2101 centineret.
703 2054 746 2093 in
760 2065 883 2094 unum
897 2056 1011 2106 quasi
1025 2066 1164 2106 corpus
1177 2052 1423 2100 coalesceret,
1439 2052 1509 2093 sed
1527 2053 1750 2093 subditiciis
1759 2057 1800 2093 et
1818 2067 1945 2096 avero
1954 2057 2124 2111 Virgilio
2136 2072 2295 2111 prorsus
2307 2061 2450 2103 alienis

385 2122 527 2164 fabulis
541 2118 828 2162 accedentibus.
853 2118 918 2159 Ita
931 2119 1199 2171 illepopularis
1211 2119 1302 2157 liber
1314 2116 1364 2158 de
1375 2117 1643 2170 „Magistro
1656 2117 1941 2174 Virgilio‘ss)
1959 2122 2109 2172 prodiit
2133 2124 2298 2166 fortasse
2311 2126 2456 2168 Gallici

383 2186 541 2234 aunxis,
555 2185 707 2225 incerto
730 2196 851 2232 anno,
869 2183 952 2231 vix,
971 2182 1014 2222 id
1031 2181 1137 2235 quod
1150 2181 1319 2224 Goerre's
1332 2178 1357 2221 1.
1372 2181 1397 2223 l.
1415 2182 1602 2232 coniecit,
1619 2182 1702 2224 iam
1718 2186 1812 2223 ante
1833 2196 1907 2226 see.
1926 2184 2023 2240 XII,
2044 2187 2113 2228 sed
2128 2189 2260 2240 potius
2273 2194 2364 2241 post
2381 2204 2453 2233 an-

383 2263 477 2290 num
494 2252 612 2296 1442,
630 2246 736 2299 quod
751 2246 1019 2297 Hispanomm
1043 2247 1116 2287 snb
1129 2246 1330 2297 Alphenso
1341 2245 1377 2285 V
1392 2246 1435 2285 in
1449 2246 1646 2298 Neapolin
1663 2247 1945 2289 dominationis
1973 2252 2016 2291 in
2043 2265 2090 2292 eo
2115 2254 2263 2294 mentio
2289 2254 2344 2294 fit,

491 2306 697 2356 Sufficiant
714 2311 828 2352 'haec
864 2311 915 2353 de
949 2312 1231 2365 antiquissimis
1256 2309 1566 2364 Virgilianorum
1602 2313 1829 2365 mythorum
1861 2313 2037 2369 fontibus
2068 2318 2293 2367 praennssa.
2369 2320 2458 2364 Iam

382 2392 481 2433 opus
507 2381 582 2428 est,
610 2381 655 2419 ut
681 2376 878 2430 integram
901 2370 1076 2420 omniun}
1103 2376 1244 2420 seriem
1269 2369 1465 2430 temporis
1485 2377 1644 2431 locique*
1668 2379 1823 2421 ratione
1849 2377 1988 2422 habita
2009 2393 2227 2434 proponam
2247 2385 2453 2439 atqusuhi

384 2445 472 2486 fieri
494 2444 660 2496 poterit,
697 2442 925 2482 obscuriora
964 2445 1167 2495 explicem.
1242 2442 1339 2482 Cum
1371 2454 1467 2483 vero
1500 2456 1552 2483 ex
1568 2444 1655 2496 jis,
1696 2457 1798 2495 quae
1825 2456 1944 2494 snpra
1961 2446 2079 2486 -dicta
2105 2451 2213 2496 sunt,
2249 2457 2453 2502 apparent,

384 2508 578 2563 Neapolin
602 2507 715 2559 quasi
737 2509 916 2547 centrum
942 2517 1078 2546 eorum
1104 2505 1241 2556 fuisse,
1268 2506 1360 2547 inde
1385 2520 1477 2548 vero
1503 2506 1623 2548 etiam
1648 2507 1815 2549 Romam
1842 2508 2124 2564 Mantuamque
2151 2512 2328 2564 aliquam
2344 2515 2455 2559 illius

387 2574 536 2629 gloriae
560 2575 715 2625 partem
738 2571 815 2613 sibi
842 2570 1071 2620 vindicasse,
1096 2574 1233 2623 aptum
1261 2572 1351 2621 erit,
1377 2575 1422 2612 ut
1444 2572 1522 2613 hoc
1545 2572 1632 2624 ipso
1660 2572 1799 2613 ordine
1824 2573 1981 2615 fabulae
2005 2578 2311 2625 pertractentur.

1163 2635 1214 2679 A.
1268 2636 1657 2690 Neapolitana.

445 2703 480 2738 Ι.
523 2700 708 2744 Virgilius
729 2698 971 2736 fundamenta
992 2700 1098 2736 urbis
1120 2700 1224 2736 lectt
1244 2700 1302 2744 et,
1288 2700 1509 2790 ,nitla’uquiznil
1521 2700 1747 2790 pdailtladlum,
1780 2700 1964 2744 magicam
1994 2699 2200 2747 ampullam
2227 2706 2392 2746 vin-02-

1217 2763 1299 2789 moe
1364 2765 1407 2791 us
1473 2765 1494 2790 c
1510 2765 1536 2790 u

491 2811 708 2863 Scriptores
734 2808 855 2849 seculi
881 2806 964 2849 XII
989 2812 1202 2859 testantur,
1230 2808 1369 2851 urbem
1392 2807 1588 2862 Neapolin'
1615 2809 1710 2851 olim
1735 2822 1861 2862 paene
1889 2811 2251 2864 inexsuperabilem
2279 2817 2460 2864 habitam

385 2890 482 2920 esse.
518 2874 583 2917 Ita
598 2873 807 2915 Alexander
820 2874 1007 2915 Telesinus
1026 2873 1082 2927 (cr
1092 2874 1208 2928 1135)
1233 2870 1422 2924 affirmat,
1451 2874 1557 2916 hanc
1581 2874 1805 2923 civitatem,
1828 2873 2010 2917 mirabile
2040 2874 2169 2928 dictu,
2195 2884 2289 2940 post
2313 2883 2456 2929 Rom.

492 2983 530 3024 ¹²)
551 2978 600 3016 Of.
632 2976 780 3016 Simock
808 2980 968 3016 deutsche
992 2979 1236 3017 volksbucher:
1265 2981 1386 3024 „Vom-
1400 2981 1540 3017 Meister
1559 2980 1741 3026 V'ugilius“
1768 2979 1831 3017 No.
1856 2981 1996 3019 xxm
2040 2986 2230 3023 Pet-mulne
2258 2991 2328 3026 eius
2351 2997 2462 3031 tam.

386 3039 525 3074 letiones
548 3037 584 3072 in
604 3035 674 3072 fere
697 3045 810 3071 omnes
829 3036 1028 3073 recentiores
1046 3034 1187 3080 linguas,
1209 3035 1293 3073 adeo
1313 3036 1505 3072 islandicam
1530 3037 1634 3082 (1676
1652 3038 1686 3072 in
1708 3036 1807 3073 MSC.
1831 3036 2010 3082 Huvniae),
2034 3041 2237 3084 prodierunt.

2230 3114 2252 3147 3
