2781 3609
313 378 364 416 32

307 481 386 522 loci
412 482 638 523 meminisse
670 483 779 523 iuvat
814 482 1038 531 narrantis,
1076 483 1354 532 Octavianum,
1394 496 1484 524 cum
1521 483 1744 535 dedicatam
1778 483 1822 523 in
1862 485 2041 535 Capitolii>
2063 486 2218 529 'adem'
2236 490 2409 533 'Poma

307 547 393 588 Iovi
418 547 573 591 assidue
601 546 892 599 frequentaret,
918 547 1154 596 somniasse,
1183 549 1296 600 queri
1321 547 1589 599 Capitolinum
1614 548 1764 597 Iovem,
1790 548 1963 589 cultores
1988 547 2067 588 sibi
2094 549 2258 602 abduci,
2285 551 2407 609 seque

306 610 580 663 respondisse,
607 610 824 651 Tonantem
853 625 926 663 pro
951 613 1124 654 ianitore
1153 614 1191 654 ei
1219 613 1444 664 appositum
1472 612 1641 665 ideoque
1668 626 1760 654 mox
1786 613 2044 654 tiamnabular
2062 611 2274 667 fastigium·
2293 619 2406 662 aedis

306 676 548 733 redimiisse,
577 675 682 728 quod
710 689 756 718 ea
789 676 872 719 fere
900 678 1032 719 ianuis
1061 678 1345 731 dependerent.

415 741 527 791 Quod
553 755 645 782 vero
673 755 721 782 ea
747 746 903 792 aetate,
932 758 1013 797 qua
1036 745 1194 796 poetica
1220 743 1416 796 quaedam
1445 746 1486 783 et
1514 743 1750 791 romantica,
1780 746 1826 783 ut
1852 743 1973 785 hodie
1999 744 2132 792 aiunt,
2156 744 2409 796 ingenium

305 808 461 850 indoles
486 820 646 860 gravem
674 812 714 848 et
742 812 971 851 accuratam
988 810 1180 851 historiae
1207 807 1427 850 materiam‘
1436 808 1592 849 corollis
1612 806 1856 856 fabularum,
1886 807 2176 862 allegoriarum,
2203 809 2411 853 fictionum

306 874 420 927 quasi
455 873 633 921 vestiret,
674 874 779 914 inter
815 875 1016 916 Romanos
1042 876 1170 927 ipsos,
1198 878 1242 915 ut
1262 875 1467 924 Me’rabzlia·
1483 877 1523 915 et
1549 874 1720 926 Graphia
1745 872 1912 924 docent,
1946 877 2108 927 praeter
2141 874 2255 917 illam
2280 876 2409 918 salva-

306 940 426 980 tionis
452 938 628 979 fabulam
654 954 820 992 eamque
850 954 901 981 ne
946 942 1105 1010 nonn'ne
1133 940 1292 993 quidem
1321 939 1481 992 Virgilii
1509 939 1667 988 addito,
1705 939 1808 979 nihil
1849 940 2011 981 omnino
2040 940 2324 993 Virgilianum,
2364 955 2412 983 ac

307 1020 356 1046 ne
382 1004 519 1045 fabula
546 1001 707 1054 quidem
733 1003 863 1045 altera
889 1005 1106 1056 reperitur,
1136 1018 1214 1045 non
1241 1007 1319 1051 est,
1347 1004 1453 1056 quod
1482 1004 1682 1046 miremur.
1730 1004 1890 1046 Etenim
1908 1018 1999 1045 cum
2015 1004 2182 1057 Neapoli
2200 1006 2404 1058 popularis

308 1069 504 1123 quaedam
533 1067 783 1108 necessitudo
811 1070 923 1120 pium
946 1073 1124 1121 poetam,
1168 1070 1236 1123 qui
1263 1069 1328 1109 hic
1355 1073 1446 1121 post
1471 1072 1532 1110 tot
1558 1068 1787 1109 discrimina
1809 1083 1946 1111 rerum
1969 1071 2074 1112 vitae
2109 1072 2224 1123 quasi
2251 1075 2413 1123 portum

304 1147 498 1189 quaerens
523 1133 666 1174 saltem
693 1133 865 1185 sepulcri
890 1135 1183 1187 receptaculum
1207 1138 1431 1187 repererat,
1472 1148 1562 1175 cum
1597 1134 1744 1175 civium
1778 1135 1924 1177 animis
1950 1136 2231 1186 coniunxisset,
2270 1141 2412 1180 contra

308 1202 475 1247 Romae,
514 1202 694 1238 veterum
719 1200 887 1240 heroum
914 1202 1104 1241 memoria
1137 1214 1264 1251 paene
1300 1201 1413 1248 elisa,
1448 1200 1580 1250 potius
1614 1203 1840 1240 sanctorum
1879 1201 2084 1241 hominum
2116 1206 2415 1255 martyrumque

304 1267 409 1307 vitae
447 1264 765 1315 respiciebantur
813 1269 854 1306 et
905 1266 1072 1317 templa,
1122 1265 1291 1317 palatia,
1339 1265 1419 1306 alia
1455 1265 1705 1317 antiquitatis
1736 1270 1993 1317 monumenta
2030 1266 2253 1307 Christiano
2288 1267 2414 1307 cultui

306 1330 610 1373 dedicabantur.
664 1330 808 1370 Rarius
836 1331 1012 1382 quidem,
1045 1344 1134 1371 cum
1174 1329 1384 1371 vetustatis
1418 1329 1610 1382 reliquiae
1646 1330 1777 1371 subito
1815 1344 1836 1372 e
1860 1334 1992 1373 terrae
2019 1331 2169 1386 gremio
2197 1330 2248 1372 ad
2283 1331 2414 1386 lucem

305 1397 646 1450 protrahebantur
659 1429 667 1445 ,
695 1411 744 1438 ex
764 1398 917 1449 antiqui
936 1397 1126 1447 temporis
1149 1396 1304 1436 ratione
1325 1398 1366 1436 et
1385 1395 1630 1443 auctoribus,
1649 1397 1887 1447 praesertim
1897 1397 2078 1450 Virgilii,
2094 1397 2163 1449 qui
2184 1398 2307 1437 etiam
2324 1401 2412 1438 tum

308 1464 523 1517 diligenter
550 1461 837 1511 lectitabatur,-
854 1462 997 1502 talium
1022 1464 1370 1503 monumentorum
1398 1460 1636 1515 significatio
1659 1463 1873 1502 temeraria
1899 1461 2071 1514 quadam
2097 1462 2265 1503 audacia
2287 1463 2410 1505 inter-

306 1530 402 1571 dum
426 1530 610 1579 suscepta
637 1529 709 1568 est.
765 1527 828 1567 Ita
856 1527 960 1568 circa
986 1540 1135 1567 annum
1168 1530 1267 1568 1045
1298 1539 1440 1579 corpus
1468 1525 1677 1576 Pallantis,
1702 1526 1776 1568 filii
1804 1525 1982 1568 Evandri
1995 1559 2004 1575 ,
2032 1525 2081 1568 de
2109 1540 2187 1579 quo
2215 1527 2409 1582 Virgilius

306 1597 421 1649 (Aen.
440 1593 518 1640 XI,
541 1592 610 1645 30)
637 1593 740 1644 agit,
769 1593 936 1632 Romani
964 1592 1158 1642 reperisse
1184 1591 1261 1630 sibi
1289 1591 1545 1639 videbantur,
1571 1591 1689 1643 idque
1718 1604 1880 1641 prorsus
1907 1592 2104 1632 incolume
2132 1596 2172 1632 et
2196 1592 2408 1639 illibatum,

305 1664 425 1714 atque
448 1658 500 1700 ad
515 1658 719 1710 ingentem
739 1658 914 1698 omnium
934 1660 1136 1708 stuporem
1158 1657 1313 1698 hiatum
1338 1657 1533 1706 vulneris,
1556 1656 1662 1709 quod
1677 1658 1720 1697 in
1740 1656 1870 1699 medio
1895 1661 2055 1710 pectore
2071 1657 2226 1699 Turnus
2247 1658 2406 1709 fecerat,

305 1730 478 1782 quatuor
504 1724 651 1776 pedum
678 1737 762 1764 esse
790 1724 1039 1764 observatum
1071 1726 1142 1764 est.
1198 1723 1302 1771 Quin
1329 1723 1496 1764 candela
1523 1723 1643 1763 etiam
1670 1722 1766 1764 dum
1794 1723 1941 1764 ardens
1968 1723 2011 1763 in
2034 1723 2215 1774 sepulcro
2242 1728 2404 1784 reperta

285 1803 391 1836 'esse
416 1791 640 1837 dicebatur,
665 1802 784 1840 quam
810 1802 925 1830 nemo
952 1790 1184 1841 extinguere
1212 1793 1363 1840 posset,
1390 1789 1515 1830 donec
1542 1789 1679 1830 subter
1706 1789 1867 1829 flamma
1889 1789 1996 1829 rima
2012 1793 2208 1842 ageretur.
2236 1790 2406 1844 Insuper

306 1858 516 1910 inscriptio
543 1855 779 1908 legebatur:
1721 1906 1725 1910 k
2045 1869 2050 1873 ·

863 1918 989 1959 Filius
1016 1917 1193 1959 Evandri
1220 1918 1369 1967 Pallas,
1398 1932 1516 1970 quem
1544 1918 1686 1959 lancea
1712 1917 1835 1957 Turni

860 1984 1003 2024 Militis
1029 1983 1195 2031 occidit,
1223 1997 1334 2024 more
1359 1997 1429 2024 suo
1457 1985 1561 2024 iacet
1587 1984 1670 2024 hic.

412 2051 716 2105 Peregrinorum
735 2061 845 2094 vero,
874 2049 1111 2100 praesertim
1132 2049 1439 2097 Germanorum,
1460 2048 1581 2089 fuisse
1599 2049 1766 2096 videtur,
1792 2046 1907 2087 illum
1925 2045 2038 2096 quasi
2055 2044 2272 2085 extinctum
2285 2045 2404 2086 obru-

307 2125 469 2172 tumque
498 2114 748 2167 antiquitatis
774 2113 1026 2164 splendorem
1053 2114 1182 2154 denuo
1222 2114 1406 2155 excitare.
1471 2113 1631 2161 Quanta
1666 2127 1777 2162 vero,
1804 2117 1849 2154 ut
1878 2111 1937 2151 ita
1961 2110 2111 2158 dicam,
2138 2110 2398 2153 fascinatione

311 2181 677 2238 praestantissimae
702 2182 856 2219 statuae
885 2179 1032 2232 ubique
1059 2179 1102 2219 in
1129 2178 1225 2218 foris
1254 2182 1294 2220 et
1318 2178 1488 2218 theatris
1502 2179 1652 2219 Romae
1675 2175 1907 2227 superstites
1931 2175 2167 2217 admiranda
2192 2190 2264 2217 sua
2286 2191 2407 2218 venu-

310 2254 413 2293 state
441 2254 482 2291 et
506 2247 700 2301 gravitate
728 2245 818 2285 illos
842 2245 1022 2286 homines
1049 2244 1272 2286 necessario
1297 2245 1577 2296 occupaverint
1605 2248 1645 2284 et
1672 2243 1818 2284 sensim
1852 2243 2007 2296 antiqui
2034 2242 2224 2294 temporis
2250 2242 2406 2286 deside·

308 2317 415 2357 rium
431 2315 475 2354 in
493 2311 639 2353 animis
654 2309 931 2357 excitaverint,
958 2309 1162 2361 eleganter
1190 2320 1237 2347 ac
1257 2307 1403 2348 diserte
1425 2308 1608 2359 exposuit
1620 2306 1893 2359 Gregorovius.
1923 2308 2041 2349 Cuius
2055 2308 2113 2349 rei
2130 2307 2410 2350 documentum

311 2381 513 2436 egregiam
549 2376 661 2420 illam
700 2374 878 2415 fabulam
903 2373 1039 2420 affert,
1084 2386 1132 2413 ex
1171 2386 1250 2424 qua
1285 2387 1506 2414 marmorea
1543 2371 1737 2426 quaedam
1776 2372 1941 2415 Veneris
1979 2378 2112 2416 statua
2144 2373 2407 2417 adolescentis

309 2446 522 2491 annulum,
556 2453 677 2493 quem
704 2439 765 2479 illi
793 2441 948 2479 statuae
977 2437 1103 2491 digito
1132 2438 1266 2478 iocans
1293 2438 1540 2487 inseruerat,
1575 2439 1730 2492 magica
1766 2439 1804 2479 vi
1840 2439 1952 2492 quasi
1987 2439 2210 2491 sponsionis
2249 2439 2409 2492 signum

308 2511 526 2556 retinebat,
553 2510 600 2546 ut
624 2504 760 2544 divelli
793 2517 873 2544 non
896 2507 1049 2554 posset,
1074 2503 1181 2554 quod
1210 2507 1485 2555 argumentum
1512 2494 1646 2543 nostro
1665 2507 1842 2554 tempore
1864 2504 2044 2544 dramate
2060 2505 2211 2544 musico
2220 2506 2406 2557 (Zampa)

311 2581 527 2620 tractatum
558 2584 643 2613 esse
675 2572 844 2611 constat.

416 2642 600 2682 Fortasse
629 2648 709 2675 non
723 2635 810 2683 sine
830 2634 1004 2685 quadam
1034 2633 1297 2674 delectatione
1321 2631 1502 2683 legentur
1520 2631 1622 2671 aliae
1648 2632 1764 2672 huius
1790 2633 1946 2684 generis
1973 2632 2214 2674 historiolae.
2247 2633 2407 2674 Etenim

309 2709 359 2749 de
386 2705 528 2748 statuis
555 2704 694 2753 sponte
722 2713 764 2740 se
791 2699 1059 2748 moventibus,
1087 2699 1225 2739 futura
1251 2697 1607 2749 praesagientibus,
1633 2709 1781 2736 arcana
1800 2696 2086 2746 revelantibus,
2113 2696 2212 2750 quin
2229 2696 2407 2738 humana

249 2802 251 2805 .
307 2787 402 2814 voce
430 2774 472 2812 et
499 2768 707 2809 articulate
734 2765 988 2818 loquentibus
1016 2768 1058 2806 et
1086 2763 1274 2815 antiquae
1301 2766 1342 2803 et
1368 2763 1522 2803 mediae
1550 2762 1706 2803 aetatis·
1722 2762 1936 2812 scriptores
1958 2775 2077 2813 saepe
2108 2762 2278 2803 fabulati
2301 2765 2407 2804 sunt.

310 2835 619 2880 Celeberrimam
647 2831 753 2883 apud
780 2834 934 2872 veteres
969 2830 1082 2871 illam
1107 2828 1329 2870 Memnonis
1368 2831 1540 2869 statuam
1577 2826 1699 2867 fuisse
1740 2828 1915 2874 constat,
1948 2824 2093 2887 Thebis
2121 2826 2173 2868 ab
2199 2826 2408 2880 Aegyptiis

306 2904 353 2945 in
380 2900 546 2942 delubro
574 2897 775 2948 Serapidis
803 2895 1054 2945 collocatam,
1086 2898 1224 2948 utpote
1251 2908 1353 2947 quae
1379 2907 1458 2936 non
1486 2893 1613 2935 solum
1638 2889 1768 2944 primo
1805 2905 1921 2933 mane
1957 2890 2080 2933 radiis
2118 2892 2213 2934 solis
2241 2892 2406 2935 orientis

307 2972 418 3011 tacta
444 2977 583 3007 suaves
610 2977 725 3004 sonos
752 2963 968 3010 emitteret,
994 2960 1078 3002 sed'
1093 2961 1235 3010 etiam,
1251 2961 1492 3002 Philostrato
1518 2961 1562 3001 in
1590 2960 1673 3000 vita
1681 2958 1883 3011 Apollonii
1891 2957 2065 3010 Tyanaei
2088 2961 2209 3006 teste,
2229 2957 2406 3001 humana
2472 2993 2476 2998 .

307 3047 403 3075 voce
430 3032 670 3082 loqueretur.
743 3027 980 3067 Pmesertim
1014 3027 1057 3065 in
1085 3026 1245 3077 templis
1281 3040 1328 3066 ac
1364 3026 1540 3066 delubris
1578 3025 1686 3065 haud
1712 3038 1805 3066 raro
1840 3023 1940 3064 tales
1963 3026 2121 3062 statuae
2157 3023 2221 3062 vel
2247 3023 2405 3076 singula

306 3099 443 3151 capita
475 3094 529 3137 ad
569 3093 678 3145 piam
715 3091 895 3133 fraudem
934 3091 1249 3141 adhibebantur,
1277 3094 1322 3132 ut
1356 3091 1486 3133 adhuc
1514 3093 1650 3132 nostro
1685 3094 1864 3143 tempore
1888 3088 2029 3131 flentia
2051 3086 2232 3140 Virginis
2266 3100 2405 3129 sacrae
