2781 3609
2428 367 2483 407 29

399 464 596 517 attingit,
616 464 685 506 sed
703 465 895 517 peculiari
914 465 1088 506 auctoris
1102 464 1267 507 consilio
1283 464 1360 505 boc
1376 477 1530 518 quoque
1550 479 1648 518 opus
1668 467 1881 508 benevolae
1888 466 2049 521 Virgilii
2072 466 2271 510 efficaciae
2285 470 2485 519 attribuit,

412 529 561 582 quippe
587 530 656 582 qui
683 531 833 581 viribus
858 531 941 572 suis
962 530 1016 572 ad
1040 530 1222 571 balineas
1246 529 1416 571 Baianas
1441 532 1758 582 compendiosam
1783 533 1889 573 viam
1914 546 2059 584 parare
2083 533 2266 581 voluerit,
2290 538 2332 574 et
2356 534 2484 582 addit,

406 593 470 634 illi
499 599 660 648 cryptae
674 595 881 650 mysticam
905 593 1107 647 quandam
1130 594 1211 634 vim
1238 593 1421 643 infuisse,
1445 594 1596 636 scilicet
1621 608 1709 636 eam
1737 608 1816 636 non
1842 596 2038 638 latronum
2063 597 2252 650 impetus,
2279 611 2328 639 ne
2346 598 2482 640 inimi-

409 671 548 701 eorum
571 660 732 714 quidem
757 659 924 702 insidias
949 658 1165 702 admisisse.
1217 658 1349 699 Etiam
1375 660 1613 706 Petrarcham
1640 664 1800 712 poetam
1833 661 1949 704 huius
1978 663 2038 705 rei
2064 663 2249 704 notitiam
2284 663 2482 714 habuioee,

408 725 479 768 sed
504 727 713 769 Mantuani
738 725 1016 768 auctoritatem
1040 723 1312 772 addubitasse,
1340 736 1390 764 ex
1414 723 1539 774 ipsius
1572 725 1837 775 testimoniffi)
1867 731 2049 776 apparet,
2084 727 2153 779 qui
2187 727 2276 779 regi
2305 727 2480 767 Roberto

400 791 442 847 (†
474 793 594 848 1343)
617 793 668 834 de
693 793 769 834 hac
795 805 841 834 re
862 791 1125 844 interroganti
1151 786 1193 831 se
1229 788 1476 842 respondisse
1513 788 1747 840 profitetur=
1791 788 2020 842 „Nunquam
2047 806 2109 833 me
2137 793 2280 846 legisse
2306 794 2480 841 memini,

400 858 703 898 marmoraiium
717 857 836 898 fuisse
846 856 1091 909 Virgilium‘g
1116 855 1222 907 quod
1245 867 1336 895 vero
1363 867 1481 895 sensu
1505 855 1618 895 verbi
1645 850 1840 895 translato
1867 857 2067 906 aptissime
2093 859 2136 898 in
2162 872 2252 900 eum
2279 858 2478 912 quadram

399 938 481 965 non
506 927 568 966 est
604 923 710 975 quod
745 923 1020 964 demonstrem.
1076 921 1239 961 Constat
1270 919 1371 960 illud
1397 921 1601 969 Pausa-wi
1635 922 1796 958 antrum
1830 919 1909 959 iam
1941 921 2045 970 apud
2081 926 2231 963 veteres
2264 924 2479 975 scriptores

370 973 382 985 ⁶
401 987 550 1040 passim
576 986 873 1029 commemorari
899 989 942 1027 et
969 985 1114 1027 montis
1139 984 1425 1037 perfossionem
1451 986 1684 1038 plerumque
1711 985 1874 1027 Lucullo
1910 986 2092 1030 adscribi.
2154 989 2271 1030 Haud
2306 990 2387 1031 scio
2423 1003 2477 1031 an

399 1055 558 1103 etymon
584 1053 772 1100 nominis,
797 1051 902 1103 quod
928 1050 981 1090 ad
1006 1061 1227 1090 moerorem
1251 1051 1578 1101 compescendum
1608 1053 1783 1099 (παῦσις
1810 1053 1881 1103 τῆς
1910 1050 2061 1102 λύπης)
2084 1053 2329 1095 etiamvillae
2345 1055 2476 1095 Asinii

409 1117 596 1159 Pollionis
629 1120 720 1169 post
746 1116 857 1158 illam
896 1114 1120 1163 Octaviani,
1155 1114 1271 1166 quasi
1297 1116 1485 1168 antiquae
1512 1115 1637 1164 „Sans
1662 1118 1799 1164 souci“,
1828 1129 1950 1167 prope
1979 1116 2172 1168 Neapolin
2197 1119 2312 1168 sitae,
2338 1119 2477 1160 datum

398 1185 480 1232 est,
518 1175 657 1235 aliqua
683 1182 838 1222 ratione
873 1180 963 1220 illas
995 1179 1045 1220 de
1075 1184 1192 1220 antro
1226 1177 1407 1219 fictiones
1441 1177 1679 1228 posteriores
1716 1178 1996 1229 provocaverit.
2070 1179 2126 1221 Ut
2161 1194 2251 1222 vero
2292 1182 2475 1234 inprimis

399 1247 560 1300 Virgilii
586 1261 731 1299 nomen
756 1246 850 1286 huic
874 1244 1029 1296 regioni
1054 1243 1208 1284 tetricis
1230 1242 1377 1283 fabulis
1401 1241 1681 1282 refertissimae
1708 1242 1952 1290 inhaereret,
1989 1243 2074 1293 ipse
2108 1243 2239 1284 effecit
2270 1247 2475 1286 notissima

390 1312 463 1353 illa
488 1311 584 1353 Aen.
612 1310 690 1359 VI,
718 1313 796 1353 236
824 1308 1033 1351 descensus
1058 1307 1110 1348 ad
1136 1306 1284 1349 inferos
1310 1307 1572 1359 descriptione
1600 1308 1642 1348 iii
1670 1321 1717 1348 ea
1744 1308 1831 1348 loca
1857 1308 2014 1350 Averna
2040 1309 2248 1350 manifesto
2272 1312 2476 1353 translata.

399 1377 497 1419 Gum
523 1390 616 1418 vero
643 1376 743 1417 haec
767 1378 907 1427 crypta
928 1386 1001 1425 per
1024 1372 1151 1413 tofum
1176 1373 1302 1413 incisa
1328 1373 1485 1414 circiter
1511 1373 1574 1414 bis
1601 1373 1709 1413 mille
1737 1372 1883 1424 pedum
1909 1373 2157 1426 longitudine
2176 1368 2471 1428 procurrens&

399 1442 534 1483 medio
559 1455 656 1483 aevo
683 1440 839 1481 nonnisi
866 1453 955 1481 cum
982 1439 1135 1480 facibus
1157 1451 1231 1489 per
1254 1443 1408 1480 vastum
1433 1454 1480 1481 ac
1507 1441 1767 1493 caliginosum
1794 1441 1967 1491 spatium
1991 1442 2272 1482 collucentibus
2299 1456 2325 1483 a
2349 1444 2471 1484 viato-

397 1508 509 1550 ribus
534 1507 730 1560 permeari
756 1506 917 1554 soleret,
955 1518 1049 1546 sane
1072 1503 1160 1546 fieri
1185 1504 1334 1556 potuit,
1368 1511 1414 1546 ut
1439 1506 1644 1547 horribilis
1670 1506 1822 1547 indoles
1849 1507 1925 1547 toti
1951 1507 2105 1559 regioni
2130 1507 2321 1558 impressa
2345 1508 2470 1559 suspi-

397 1573 525 1613 ciosas
549 1573 640 1613 illas
666 1572 870 1623 opiniones
897 1570 946 1610 de
973 1570 1048 1610 hoc
1074 1573 1209 1617 antro,
1236 1569 1349 1622 quasi
1374 1569 1611 1611 daemonum
1630 1570 1743 1619 sede,
1772 1569 2024 1611 confirmaret
2051 1577 2092 1612 et
2117 1572 2363 1613 necessitudo
2388 1573 2474 1614 eius

398 1649 489 1678 cum
513 1638 645 1689 patrio
669 1636 841 1689 regionis
867 1648 983 1688 mago
1008 1634 1321 1687 fingeretur.*“)
1766 1638 1769 1640 ’

711 1711 814 1748 ΧΠ.
839 1711 930 1747 ossa
950 1709 1106 1753 Virgilii
1128 1719 1211 1745 cum
1230 1709 1332 1744 libro
1353 1705 1502 1749 maglco
1525 1714 1573 1742 ex
1597 1708 1678 1743 elus
1701 1708 1874 1752 sepulcro
1884 1708 1927 1752 ἢ)
1950 1709 2141 1745 levantur.

511 1769 597 1808 Iam
614 1781 735 1818 supra
750 1780 788 1818 p.
800 1771 824 1807 9
846 1780 868 1807 e
885 1767 1056 1806 Gervam‘i
1063 1766 1166 1805 Otiis
1181 1763 1427 1805 historiolam
1452 1763 1502 1802 de
1523 1763 1677 1802 ossibus
1694 1767 1834 1814 poetae
1861 1764 1911 1804 ab
1930 1764 2058 1817 Anglo
2072 1765 2243 1817 quodam
2260 1766 2412 1807 medico
2430 1768 2474 1807 iu

399 1835 527 1875 lucem
554 1833 720 1885 prolatis
747 1832 931 1883 exposui,
965 1845 1054 1871 cum
1080 1844 1310 1882 qua-paene
1346 1828 1528 1869 omnibus
1567 1830 1749 1879 partibus
1784 1831 1970 1871 Villanius
1996 1843 2080 1881 cap.
2110 1833 2159 1871 33
2195 1832 2394 1883 congruit,
2427 1837 2473 1872 ut

400 1900 613 1948 utrumque
641 1909 690 1936 ex
721 1894 859 1935 eodem
885 1893 993 1933 fonte
1029 1892 1205 1941 hausisse
1245 1889 1403 1931 credere
1439 1889 1569 1935 liceat.
1635 1893 1918 1944 Neapolitanus
1954 1894 2122 1945 scriptor
2157 1907 2204 1935 ea
2239 1898 2394 1935 tantum
2426 1908 2472 1936 re

396 1963 581 2011 discedit,
609 1962 714 2015 quod
742 1961 885 2009 refert,
911 1960 1107 2000 medicum
1132 1959 1346 2012 quendam,
1384 1964 1430 1997 ut
1455 1957 1617 2010 Virgilii
1643 1958 1848 2011 ingenium
1874 1959 1988 2011 quasi
2013 1959 2089 2000 sibi
2114 1958 2354 2008 infunderet,
2382 1973 2471 2002 ossa

394 2042 639 2081 concoquere
668 2031 709 2068 et
734 2040 893 2068 succum
918 2025 1011 2066 inde
1037 2028 1220 2076 paratum
1245 2024 1381 2066 bibere
1406 2024 1586 2067 voluisse.
1651 2025 1854 2066 Conradus
1889 2039 1982 2067 vero
2016 2040 2090 2067 nec
2125 2026 2175 2067 de
2200 2027 2470 2069 sublevatione

397 2094 543 2136 ossium
571 2106 644 2134 nec
671 2091 720 2133 de
748 2091 851 2132 libro
877 2090 1031 2143 magico
1066 2088 1172 2142 apud
1205 2089 1277 2130 illa
1310 2092 1467 2141 reperto
1502 2090 1715 2142 quicquam
1750 2091 1892 2140 habet,
1927 2091 1997 2133 sed
2029 2091 2271 2133 solummodo
2306 2092 2355 2135 de
2389 2093 2471 2135 illis

394 2160 518 2202 sacris
543 2159 696 2200 ossibus
722 2159 905 2204 annotat,
933 2155 968 2195 si
993 2155 1172 2196 libertati
1198 2155 1300 2195 aeris
1327 2158 1595 2206 exponantur,
1623 2157 1746 2196 totius
1773 2156 1916 2196 faciem
1943 2157 2042 2197 coeli
2069 2157 2268 2197 obscurari
2296 2161 2336 2198 et
2357 2171 2467 2200 mare

395 2227 573 2269 funditus
593 2224 732 2273 everti,
751 2222 858 2276 quod
884 2236 950 2272 „se
976 2222 1106 2274 ipsum
1134 2219 1299 2262 vidiss'e‘
1324 2224 1501 2263 testatur.
1532 2220 1665 2262 Etiam
1673 2222 1820 2261 Ioannes
1829 2217 2111 2262 Saresberienmk
2131 2221 2339 2274 (Polycrat.
2354 2223 2466 2272 11‚23

534 2364 567 2406 ⁴³)
591 2363 640 2396 cf.
666 2362 869 2397 Petrarchae
887 2362 1040 2396 Itinerar.
1062 2358 1185 2405 Syriae.
1207 2361 1241 2402 Ι,
1265 2360 1346 2401 560,
1370 2360 1425 2402 qui
1446 2359 1511 2392 illic
1533 2362 1660 2399 narrat,
1685 2369 1739 2399 se,
1762 2358 1874 2400 „quod
1898 2357 2027 2398 Virgilii
2048 2356 2148 2389 libros
2168 2357 2347 2400 legisset‚“
2373 2366 2468 2403 post.

393 2407 466 2455 hac*
479 2418 568 2463 apud
588 2418 815 2453 Innocentium
834 2418 883 2451 VI
904 2417 1136 2452 incantationis
1154 2415 1300 2450 criminis
1322 2425 1381 2450 suo
1404 2414 1507 2458 ipsius
1530 2412 1735 2448 incommodo
1757 2411 1978 2446 insimulatum
2006 2420 2087 2445 esse.
2131 2410 2273 2446 Rothius
2287 2413 2308 2446 1.
2326 2413 2347 2447 l.
2359 2415 2468 2457 p.262

392 2476 436 2509 de
458 2473 710 2516 amplificatione
732 2472 831 2504 huius
862 2471 997 2505 fabulae
1026 2471 1151 2512 aliquot
1178 2471 1267 2503 locos
1300 2470 1406 2503 affert.
1436 2469 1528 2501 Inter
1556 2468 1638 2500 alios
1661 2467 1738 2500 Chr.
1770 2467 1926 2505 Marlow,
1959 2465 2016 2505 qui
2037 2465 2220 2497 dramatum
2243 2472 2360 2500 auctor
2379 2471 2469 2504 inter

390 2529 587 2564 Brittannos
606 2526 742 2561 illustris
765 2526 865 2560 etiam
886 2525 1051 2561 Faustum
1071 2529 1255 2560 nostratem
1276 2525 1310 2559 in
1331 2533 1462 2559 scenam
1481 2522 1656 2566 produxit,
1691 2521 1732 2554 de
1761 2521 1817 2554 illa
1836 2519 1972 2553 mirifica
1996 2519 2049 2552 via
2069 2528 2090 2552 a
2111 2519 2248 2562 Virgilio
2267 2531 2328 2564 per
2348 2534 2468 2567 rupem

387 2586 423 2619 in
443 2585 451 2592 '
512 2583 639 2620 cecinit.

423 2594 552 2683 οιῌιη)
573 2640 622 2673 cf.
644 2639 733 2673 Guhl
755 2643 789 2672 et
810 2639 925 2673 Koner
949 2637 981 2670 d.
1002 2637 1085 2671 Leb.
1106 2637 1138 2670 d.
1161 2637 1218 2671 Gr.
1242 2648 1273 2671 u.
1296 2637 1390 2671 Rom.
1413 2647 1444 2679 p.
1466 2635 1551 2675 400,
1577 2634 1634 2667 ubi
1655 2637 1790 2676 cryptae
1812 2633 1887 2665 ostii
1910 2631 2084 2665 delineatio
2107 2631 2220 2665 addita
2242 2636 2303 2666 est.

476 2695 548 2737 ‘*‘)
574 2693 772 2736 Comparare
791 2693 870 2725 licet
891 2701 977 2734 quae
1001 2692 1043 2726 de
1065 2692 1169 2726 altero
1191 2692 1332 2735 quodam
1356 2692 1496 2733 Wryilio,
1519 2697 1653 2732 prorsus
1681 2696 1702 2720 a
1721 2691 1834 2720 nostro
1856 2686 2001 2727 diverso,
2035 2687 2091 2728 qui
2113 2687 2224 2720 seculo
2240 2686 2289 2720 VI
2303 2687 2467 2731 archiepi—

389 2762 507 2795 scopus
530 2750 723 2783 Arelatensis
744 2747 824 2789 fuit,
846 2747 1170 2789 circumferebantur,
1196 2758 1271 2782 eum
1294 2747 1454 2789 magicam
1475 2749 1579 2778 artem
1602 2743 1752 2776 calluisse
1774 2751 1877 2783 eaque
1891 2742 2069 2782 Arelatem,
2093 2746 2131 2775 ut
2152 2746 2265 2775 noster
2286 2741 2467 2784 Neapolin,

387 2803 677 2850 inexpugnabilem
696 2801 878 2837 reddidisse
897 2805 998 2845 atque
1019 2802 1054 2836 in
1075 2803 1147 2844 via,
1170 2811 1256 2845 quae
1277 2812 1298 2837 a
1319 2802 1480 2844 Tergeste
1501 2799 1639 2834 Romam
1661 2796 1776 2838 ducat,
1800 2797 1834 2830 in
1856 2795 2004 2830 faucibus
2035 2795 2251 2839 quibusdam,
2284 2797 2402 2839 „Buco
2429 2796 2465 2830 di

388 2863 498 2900 νῶιν·
516 2858 699 2903 appellatis,
716 2867 816 2900 rupes
834 2866 935 2892 manu
949 2867 1011 2892 sua
1024 2857 1192 2900 diffidisse.
1214 2858 1274 2892 Cui
1288 2859 1350 2893 hoc
1363 2860 1435 2893 Ioco
1448 2859 1581 2893 tertium
1597 2856 1740 2890 eiusdem
1755 2856 1893 2889 nominis
1908 2864 2050 2897 magum,
2065 2856 2264 2889 seculoVIII
2277 2857 2466 2900 episcopum

388 2917 623 2952 Iuvavoemem,
645 2910 779 2944 natione
799 2910 962 2951 Anglum,
989 2910 1040 2943 Sti
1060 2909 1222 2943 Bonifacii
1245 2912 1425 2953 aequalem,
1451 2920 1599 2945 asserere
1618 2914 1732 2952 aptum
1756 2913 1824 2951 est,
1849 2910 1890 2943 de
1915 2919 1980 2951 quo
1995 2910 2071 2942 olim
2097 2910 2203 2943 multa
2223 2910 2391 2944 mirabilia
2411 2919 2465 2943 re-

388 2969 599 3004 ferebantur.
642 2964 690 2998 cf.
710 2964 829 2998 librum
853 2963 896 2998 de
920 2964 988 2998 vita
1008 2968 1043 2998 et
1061 2965 1226 2999 miraculis
1248 2966 1299 2999 Sti
1319 2967 1448 3009 Virgilii
1464 2967 1605 3008 apostoli
1627 2965 1831 2999 Karintbiae.

437 3020 442 3023 ”
515 3020 556 3063 †)
578 3016 766 3060 DeVirgilii
785 3016 936 3059 sepulcro
957 3015 998 3050 cf.
1019 3024 1095 3052 mea
1107 3017 1408 3063 Memorabil.Vii-g.
1430 3029 1462 3063 p.
1484 3018 1526 3054 14
1548 3019 1680 3054 etGuhl
1705 3023 1738 3054 et
1752 3019 1866 3054 Koner
1887 3023 1908 3054 l.
1926 3020 1947 3054 l.
1970 3020 2097 3064 p.444‚
2120 3021 2178 3057 ubi
2193 3022 2335 3065 sepulcri
2353 3022 2464 3064 imago

386 3077 586 3112 adumbrata
613 3078 675 3108 est.
