2781 3609
549 423 552 426 .
2426 389 2481 430 3⁸

387 484 612 528 simulacra.
674 485 849 534 Quorum
881 488 1173 527 automatorum
1214 483 1352 533 multa.¹
1373 465 1554 535 exempla
1588 485 1747 539 collegit
1771 485 1909 539 Paully
1934 486 1960 529 L
1987 486 2012 527 l.
2039 485 2225 528 Notabile
2249 491 2326 536 est,
2365 489 2473 541 quod

315 587 322 593 .
387 549 655 594 G.Schottius
677 549 720 602 (l.
745 549 772 593 1.
799 549 829 598 1,
858 549 929 602 42)
956 547 1008 590 de
1034 548 1108 591 tali
1133 551 1272 591 statua
1296 547 1350 590 ad
1374 547 1616 602 loquendum
1640 552 2024 594 consu-uctaRomae
2051 565 2146 593 3-80
2172 552 2261 604 ipso
2287 551 2471 595 obma-

391 619 477 657 tum
502 627 587 663 esse
612 618 750 656 narrat
786 613 902 663 „Vidi
927 626 1002 667 ego
1029 613 1179 656 Romae
1204 612 1439 656 insedibus
1465 606 1682 654 doctissimi
1707 616 1782 656 viri
1808 616 2009 657 Francisci
2033 614 2192 665 Sarrae,
2217 618 2364 670 equitis
2389 618 2469 660 Ro-

388 679 512 728 mani,
551 682 722 721 8131113111
746 678 1030 733 Aegyptiacam
1064 692 1115 721 ex
1146 677 1357 721 durissimo
1388 676 1522 730 lapide
1556 676 1657 719 fusci
1694 679 1852 729 colon’s,
1892 693 1914 721 e
1949 681 2059 722 cuius
2095 680 2213 723 dorso
2247 678 2379 722 medio
2414 680 2470 722 ad

386 746 543 798 occiput
567 758 690 798 usque
713 742 886 796 indeque
913 755 1036 796 usque
1059 742 1112 785 ad
1151 756 1196 786 os
1233 745 1414 797 patulum
1443 746 1653 786 excavatus
1690 749 1777 787 erat
1810 746 1976 794 canalis,
2002 759 2075 798 per
2106 761 2226 800 quem
2252 760 2303 788 ex
2342 746 2470 788 bucca

383 811 498 865 sipho
519 824 593 864 per
617 810 810 862 parietem
843 808 887 849 in
921 807 1103 851 abditum
1138 809 1340 863 quoddam
1378 808 1673 862 receptaculum
1706 808 1989 860 deducebatur,
2023 812 2066 852 in
2100 826 2178 865 quo
2212 811 2468 864 receptaculo

382 891 455 931 per
492 891 583 920 eum
620 874 843 917 sacerdotes
877 873 1188 916 immurmuratis
1226 874 1494 928 compendio&
1536 875 1728 916 sermonis
1761 875 1892 917 effatis
1929 875 1979 917 de
2017 877 2136 919 variis
2165 876 2466 920 consulentibus
2547 883 2551 887 '

389 955 578 996 responsa
603 941 786 983 dabant.“
838 938 972 979 Etiam
995 938 1041 978 in
1066 938 1198 981 Gestis
1224 940 1493 989 Romanorum
1519 953 1601 981 non
1622 952 1713 980 raro
1739 938 1907 980 fabellae
1933 942 1987 982 ad
2011 946 2159 983 statuas
2191 943 2276 984 eius
2301 945 2464 996 generis

387 1009 599 1061 pertinent.
651 1005 717 1046 Ita.
741 1005 785 1045 in
810 1017 843 1059 0.
875 1007 949 1046 107
977 1003 1076 1045 11300
1102 1003 1292 1058 legimus:
1346 1005 1468 1055 „Erat
1492 1003 1687 1057 quaedam
1709 1004 1840 1056 imago
1866 1003 1911 1043 in
1937 1007 2097 1048 civitate
2123 1007 2319 1059 Romana,
2357 1023 2464 1062 quae

386 1073 505 1115 rectis
530 1070 697 1124 pedibus
723 1070 856 1112 stabat
882 1068 1132 1122 habebatque
1155 1083 1316 1112 manum
1339 1070 1523 1112 dextram
1547 1072 1751 1111 extensam
1777 1072 1819 1110 et
1843 1082 1962 1121 super
1983 1069 2156 1112 medium
2179 1070 2347 1124 digitum
2372 1076 2464 1115 emt

385 1136 684 1191 superscriptio:
711 1135 897 1185 „Percute
910 1132 976 1175 hic
987 1137 1019 1174 1“
1045 1133 1182 1188 Imago
1208 1134 1287 1176 ista.
1311 1148 1337 1176 a
1362 1135 1480 1189 longo
1507 1138 1685 1187 tempore
1713 1134 1769 1175 sic
1792 1134 1925 1176 stabat
1951 1138 1993 1177 et
2016 1134 2123 1189 quod
2149 1135 2278 1177 nullus
2293 1137 2458 1187 sciebat,

385 1204 483 1257 quid
508 1204 584 1243 1100
611 1201 868 1254 significaret,
895 1199 1011 1239 multi
1033 1199 1220 1240 admirati
1247 1203 1373 1241 sunt.“
1398 1201 1486 1241 Iam
1504 1200 1690 1240 clericum
1716 1199 1917 1251 quendam
1941 1200 2129 1241 subtilem
2153 1200 2288 1249 fuisse,
2313 1203 2383 1254 qui
2408 1203 2462 1245 do

389 1269 465 1312 hac
495 1282 539 1310 re
577 1265 768 1309 sollicitus
803 1267 844 1305 et
880 1262 997 1317 digiti
1030 1265 1211 1307 umbram
1243 1264 1473 1313 observans,
1520 1279 1621 1318 quae
1657 1265 1738 1306 sole
1766 1264 1998 1316 splendente
2029 1265 2280 1315 redderetur,
2325 1267 2459 1320 ligone

387 1339 546 1388 arrepto
572 1333 715 1380 solum,
753 1330 823 1371 ubi
849 1329 1100 1372 obscuratum
1127 1332 1248 1379 esset,
1283 1328 1503 1382 perfodisse
1541 1332 1582 1371 et
1607 1329 1665 1371 ibi
1691 1329 1837 1384 gradus
1862 1329 2015 1383 aliquot
2041 1329 2287 1382 aperientem
2311 1330 2355 1372 in
2379 1332 2464 1375 ima.

388 1399 636 1442 descendisse
663 1397 796 1449 ibique
826 1396 1021 1447 palatim
1048 1399 1089 1436 et
1119 1395 1381 1451 principem*)
1408 1410 1499 1438 cum
1532 1398 1762 1449 purpuratis
1788 1397 1888 1445 suis,
1915 1410 2051 1438 omnes
2076 1397 2260 1449 pretiosis
2286 1400 2461 1440 vestibus

389 1465 548 1507 indutos
575 1463 734 1515 altoque
761 1460 919 1503 silentio
946 1459 1097 1502 defixos
1122 1460 1351 1511 offendisse,
1378 1475 1492 1505 omne
1520 1476 1612 1504 vero
1638 1462 1810 1514 spatium
1835 1462 1968 1515 lapide
1988 1463 2132 1514 polito,
2157 1477 2277 1515 quem
2292 1464 2460 1506 carbun-

389 1530 520 1573 culum
543 1530 700 1577 vocent,
728 1527 861 1568 lumen
885 1526 1095 1579 accepisse.
1123 1526 1201 1568 Hic
1228 1539 1319 1569 eum
1342 1527 1487 1570 vidisse
1513 1521 1714 1570 hominem
1740 1528 1783 1569 in
1810 1527 1955 1581 angulo
1983 1529 2154 1569 stantem
2170 1527 2462 1601 habentemque

388 1598 430 1637 in
457 1608 575 1636 manu
601 1606 673 1633 sua
698 1590 898 1654 arcum**)
925 1596 1109 1643 paratum
1143 1606 1234 1633 cum
1258 1596 1406 1646 sagitta
1430 1594 1483 1635 ad
1517 1595 1818 1645 percutiendum
1844 1598 1887 1635 et
1908 1595 1952 1633 in
1978 1593 2109 1633 fronte
2150 1594 2234 1634 eius
2269 1596 2460 1646 scriptum

390 1660 532 1701 fuisse·
568 1656 672 1711 „Ego
699 1669 805 1705 sum,
833 1656 902 1713 qui
928 1668 1034 1698 sum:
1067 1655 1199 1698 nullus
1221 1663 1358 1699 arcum
1385 1672 1517 1701 meum
1545 1659 1670 1701 vitare
1696 1662 1860 1712 potestf‘
1891 1658 2000 1699 13111
2019 1657 2207 1699 clericum
2231 1659 2463 1711 rediturum,

387 1726 458 1767 sed
481 1725 705 1771 timentem,
731 1725 777 1762 ut
801 1722 878 1773 ipsi
904 1721 1112 1763 crederent
1136 1722 1330 1772 homines,
1358 1724 1393 1765 si
1420 1715 1521 1766 11300
1546 1723 1745 1765 mirabilia
1771 1726 1971 1772 narraret,
1999 1722 2051 1764 ad
2070 1736 2225 1764 mensas
2251 1724 2461 1766 accessisse

388 1796 430 1834 et
448 1790 620 1844 cyphum
642 1803 731 1830 eum
748 1788 907 1829 cultello
927 1788 977 1829 de
998 1802 1134 1829 11101183
1151 1783 1323 1830 levasse:
1313 1793 1382 1830 ·at
1395 1793 1573 1844 repente
1581 1790 1717 1830 illam
1706 1790 1924 1842 imaginem
1944 1802 2080 1829 31011111
2099 1789 2290 1830 direxisse
2310 1793 2351 1830 et
2370 1804 2497 1839 031-,

391 1856 605 1901 bunculum
630 1854 866 1906 percussisse
903 1857 944 1894 et
978 1854 1021 1893 in
1046 1854 1264 1895 continenti
1287 1857 1413 1894 totam
1446 1855 1578 1895 aulam
1613 1855 1863 1897 tenebrosam
1899 1853 2097 1895 redditam
2128 1867 2224 1895 esse.
2297 1854 2384 1902 Qua
2416 1869 2462 1896 re

387 1923 567 1963 iuvenem
593 1919 867 1960 contristatum
889 1918 995 1958 viam
1019 1918 1210 1960 redeundi
1246 1924 1411 1972 propter
1447 1921 1613 1962 nimiam
1646 1920 1926 1962 obscuritatem
1963 1920 2141 1960 invenire
2174 1933 2254 1960 non
2289 1920 2463 1971 potuisse

390 1992 430 2029 et
456 1987 511 2027 sic
537 1986 580 2026 in
607 1983 745 2025 eodem
772 1984 921 2034 palatio
945 1983 1087 2024 misera
1110 1987 1236 2024 morte
1263 1985 1437 2035 periisse.
1520 1976 1634 2026 Hanc
1671 1985 1906 2026 relationem
1939 1984 2149 2025 manifesto
2184 1984 2359 2025 imitatus
2401 1989 2463 2026 est

392 2050 596 2092 Albericus
630 2049 721 2101 (800.
746 2047 809 2101 X)
836 2047 880 2087 111
908 2047 1099 2089 Chronico
1134 2048 1381 2090 historiolam
1412 2051 1462 2092 de
1498 2049 1695 2103 Sylvestre
1732 2063 1839 2101 papa
1870 2049 2100 2104 (Gerberto)
2137 2063 2316 2099 narrans,
2342 2063 2464 2102 quam

396 2116 624 2157 Massmann
649 2113 674 2152 l.
700 2112 729 2154 1.
752 2111 824 2160 111,
852 2115 928 2153 451
958 2111 1141 2163 protulit,
1163 2115 1208 2153 ut
1232 2112 1276 2152 in
1299 2113 1368 2155 illo
1391 2115 1600 2157 Gestorum
1625 2116 1765 2157 iuvene
1789 2114 2029 2156 Gerbertum
2049 2115 2181 2166 ipsum
2203 2114 2315 2155 facile
2341 2127 2466 2167 agno-

389 2193 493 2227 scas,
522 2192 571 2220 ea
596 2177 680 2218 sola
704 2190 748 2217 10
775 2176 825 2218 31)
854 2176 923 2217 1110
942 2176 1159 2228 prudenter
1173 2177 1440 2226 differentem,
1467 2178 1587 2230 quod,
1613 2192 1704 2220 cum
1716 2177 1909 2229 palatium
1922 2178 2003 2218 iam
2017 2181 2232 2226 corrueret,
2257 2178 2461 2220 cultellum

392 2243 561 2298 proiecit
583 2245 624 2284 et
649 2241 795 2283 infecto
821 2242 980 2295 negotio
1007 2242 1233 2284 adiumento
1259 2243 1436 2285 laternae
1464 2243 1623 2285 domum
1646 2242 1822 2285 revertit.

497 2310 593 2350 Cum
619 2307 699 2348 illis
727 2320 818 2348 vero
827 2306 1062 2361 Virgilianis
1087 2308 1364 2350 tintinnabulis
1390 2319 1618 2358 comparare
1644 2306 1758 2354 licet,
1759 2329 1763 2333 ·
1785 2317 1887 2357 quae
1896 2306 2153 2359 W)
2168 2305 2462 2357 hispanicarum

392 2388 525 2417 rerum
552 2372 721 2423 scriptor
747 2372 961 2413 memoriae
989 2373 1176 2424 protulit·
1211 2372 1411 2425 „Triginta
1446 2385 1515 2413 sex
1539 2384 1725 2423 passuum
1751 2369 1927 2410 millibus
1952 2369 2056 2410 infra
2082 2370 2220 2411 urbem
2247 2370 2461 2413 Caesarau-

390 2443 546 2494 gustam
571 2437 816 2491 (Saragossa)
843 2437 1034 2509 oppidum
1061 2437 1214 2479 Villilla
1238 2437 1291 2478 ad
1317 2437 1425 2479 Iberi
1460 2437 1589 2489 ripam
1624 2436 1744 2478 situm
1772 2440 1851 2485 est,
1885 2450 1934 2477 ex
1960 2434 2092 2475 Celsae
2119 2432 2383 2477 Romanorum
2419 2439 2465 2480 in

389 2504 625 2557 nergetibus
652 2502 827 2542 coloniae
855 2501 983 2541 ruinis
1018 2502 1274 2543 constitutum
1307 2503 1494 2555 nullaque
1527 2516 1572 2543 re
1606 2502 1796 2549 nobilius,
1832 2514 1950 2552 quam
1978 2513 2164 2551 campana,
2200 2501 2311 2541 0111118
2352 2504 2465 2544 1111Πο

558 2599 649 2607 --

519 2653 552 2693 ⁸)
575 2643 686 2684 Etiam
705 2650 822 2684 doctus
843 2651 899 2684 ille
921 2623 1094 2685 Rabbinus
1113 2651 1351 2693 Hispanorum,
1378 2653 1546 2685 Beniamin
1569 2654 1608 2683 de
1633 2651 1772 2690 Tudela,
1794 2649 1836 2682 de
1858 2649 1951 2681 cuius
1973 2648 2140 2681 itinerario
2162 2648 2384 2691 Gregorovius
2400 2651 2422 2684 1.
2440 2653 2464 2685 1.

388 2709 447 2750 IV,
471 2702 536 2743 635
555 2706 714 2740 nonnulla
737 2705 919 2748 excerpsit,
951 2714 1039 2738 anno
1062 2705 1147 2739 1170
1167 2705 1306 2739 Romam
1327 2706 1414 2739 illius
1443 2706 1598 2748 temporis
1627 2704 1812 2740 describens
1834 2701 1954 2743 refert,
1986 2702 2051 2735 illic
2085 2702 2199 2742 „cerni
2224 2706 2359 2737 antrum
2386 2705 2468 2739 sub-

387 2768 596 2802 terraneum,
623 2761 657 2795 in
685 2771 750 2803 quo
779 2771 839 2795 rex
863 2760 994 2802 quidam
1020 2770 1094 2794 cum
1114 2760 1232 2803 regina
1253 2764 1287 2794 et
1308 2766 1440 2796 centum
1467 2761 1679 2804 principibus,
1709 2769 1819 2793 omnes
1842 2759 1875 2792 in
1890 2758 1978 2791 soliis
1997 2758 2161 2799 sedentes,
2185 2759 2385 2801 imaginibus
2405 2772 2466 2795 ex·

413 2820 496 2855 10881
517 2819 618 2852 sint.“

391 2831 413 2865 p
497 2875 549 2917 *·)
573 2874 612 2907 111
633 2872 750 2915 gallica
763 2872 827 2906 -illa
847 2872 980 2912 fabula,
1003 2872 1155 2913 „Roman
1171 2871 1351 2911 d'“,Eneas
1375 2881 1416 2905 ex
1439 2881 1505 2914 qua
1527 2874 1656 2904 nostras
1665 2868 1811 2902 Veldeck
1824 2867 1973 2900 hausisse
1998 2865 2149 2907 videtur,
2172 2866 2331 2903 Camillae
2353 2872 2464 2913 sepul-

379 2942 483 2968 erum
507 2927 702 2964 describitur
727 2927 776 2961 ita
803 2931 1014 2969 exornatum,
1052 2931 1090 2962 ut
1118 2926 1222 2960 multa
1250 2925 1379 2960 illarum
1408 2925 1451 2961 de
1478 2925 1615 2969 Virgilio
1643 2923 1829 2958 fabularum
1862 2926 2109 2963 commoneant,
2139 2923 2228 2958 inter
2257 2925 2324 2960 alia
2352 2931 2467 2962 statu.

389 2984 585 3034 sagittiferi,
607 2982 664 3025 qui
683 2990 764 3015 arcu
783 2982 819 3015 in
839 2981 1021 3015 columbam
1043 2980 1176 3021 tendat,
1199 2984 1234 3013 et
1255 2980 1424 3022 speculum
1446 2980 1626 3023 magicum,
1650 2978 1755 3021 quod,
1779 2978 1808 3011 si
1822 2977 1909 3012 forte
1928 2977 2002 3020 quis
2027 2977 2194 3020 profanus
2211 2982 2465 3024 appropinquet,

391 3033 1133 3079 emillepassibuseiusadventumindicet.
1177 3032 1226 3066 cf
1251 3032 1494 3066 Creizenachl
1519 3031 1541 3063 1.
1561 3040 1593 3072 p.
1619 3031 1668 3063 19.

479 3086 620 3130 ⁸²⁸)0f.
643 3086 683 3121 G.
703 3086 827 3122 Schott.
849 3086 870 3120 l
891 3085 912 3120 l.
934 3086 983 3127 Π,
1010 3086 1081 3121 173.

2239 3156 2261 3188 5
