<?xml version="1.0" encoding="UTF-8"?>
<!DOCTYPE html PUBLIC "-//W3C//DTD XHTML 1.0 Transitional//EN"
    "http://www.w3.org/TR/xhtml1/DTD/xhtml1-transitional.dtd">
<html xmlns="http://www.w3.org/1999/xhtml" xml:lang="en" lang="en">
 <head>
  <title>
</title>
<meta http-equiv="Content-Type" content="text/html;charset=utf-8" />
  <meta name='ocr-system' content='tesseract 3.04.00' />
  <meta name='ocr-capabilities' content='ocr_page ocr_carea ocr_par ocr_line ocrx_word'/>
</head>
<body>
  <div class='ocr_page' id='page_1' title='image "4764145_0044.png"; bbox 0 0 2781 3609; ppageno 0'>
   <div class='ocr_carea' id='block_1_1' title="bbox 332 333 391 374">
    <p class='ocr_par' dir='ltr' id='par_1_1' title="bbox 332 333 391 374">
     <span class='ocr_line' id='line_1_1' title="bbox 332 333 391 374; baseline 0 0"><span class='ocrx_word' id='word_1_1' title='bbox 332 333 391 374; x_wconf 70' lang='grc'><strong>36</strong></span> 
     </span>
    </p>
   </div>
   <div class='ocr_carea' id='block_1_2' title="bbox 335 427 2431 950">
    <p class='ocr_par' dir='ltr' id='par_1_2' title="bbox 335 427 2431 950">
     <span class='ocr_line' id='line_1_2' title="bbox 336 427 2427 497; baseline 0 -13"><span class='ocrx_word' id='word_1_2' title='bbox 336 442 486 486; x_wconf 80' lang='lat' dir='ltr'><strong>dicere.</strong></span> <span class='ocrx_word' id='word_1_3' title='bbox 543 439 616 483; x_wconf 85' lang='lat' dir='ltr'><strong>Cui</strong></span> <span class='ocrx_word' id='word_1_4' title='bbox 641 439 699 480; x_wconf 85' lang='lat' dir='ltr'><strong>ait</strong></span> <span class='ocrx_word' id='word_1_5' title='bbox 720 438 856 480; x_wconf 83' lang='lat' dir='ltr'><strong>faber:</strong></span> <span class='ocrx_word' id='word_1_6' title='bbox 895 438 1064 481; x_wconf 82' lang='lat' dir='ltr'><strong>Domine</strong></span> <span class='ocrx_word' id='word_1_7' title='bbox 1089 439 1169 488; x_wconf 88' lang='lat' dir='ltr'><strong>mi,</strong></span> <span class='ocrx_word' id='word_1_8' title='bbox 1203 438 1399 481; x_wconf 77' lang='lat' dir='ltr'><strong>advertite</strong></span> <span class='ocrx_word' id='word_1_9' title='bbox 1425 452 1500 481; x_wconf 85' lang='lat' dir='ltr'><strong>me.</strong></span> <span class='ocrx_word' id='word_1_10' title='bbox 1562 438 1671 482; x_wconf 88' lang='lat' dir='ltr'><strong>Duos</strong></span> <span class='ocrx_word' id='word_1_11' title='bbox 1701 438 1885 482; x_wconf 75' lang='lat' dir='ltr'><strong>denarios</strong></span> <span class='ocrx_word' id='word_1_12' title='bbox 1917 427 2025 481; x_wconf 81' lang='lat' dir='ltr'><strong>omni</strong></span> <span class='ocrx_word' id='word_1_13' title='bbox 2059 440 2126 484; x_wconf 81' lang='lat' dir='ltr'><strong>die</strong></span> <span class='ocrx_word' id='word_1_14' title='bbox 2150 447 2290 488; x_wconf 62' lang='lat' dir='ltr'><strong>tenum·</strong></span> <span class='ocrx_word' id='word_1_15' title='bbox 2313 445 2427 497; x_wconf 64' lang='lat' dir='ltr'><strong>pm</strong></span> 
     </span>
     <span class='ocr_line' id='line_1_3' title="bbox 335 504 2429 560; baseline 0.001 -16"><span class='ocrx_word' id='word_1_16' title='bbox 335 519 447 557; x_wconf 76' lang='lat' dir='ltr'><strong>meo,</strong></span> <span class='ocrx_word' id='word_1_17' title='bbox 470 506 587 560; x_wconf 80' lang='lat' dir='ltr'><strong>quia</strong></span> <span class='ocrx_word' id='word_1_18' title='bbox 609 517 699 544; x_wconf 86' lang='lat' dir='ltr'><strong>cum</strong></span> <span class='ocrx_word' id='word_1_19' title='bbox 725 515 851 544; x_wconf 62' lang='lat' dir='ltr'><strong>emm</strong></span> <span class='ocrx_word' id='word_1_20' title='bbox 877 516 979 554; x_wconf 88' lang='lat' dir='ltr'><strong>puer</strong></span> <span class='ocrx_word' id='word_1_21' title='bbox 1003 505 1210 556; x_wconf 75' lang='lat' dir='ltr'><strong>parvulus,</strong></span> <span class='ocrx_word' id='word_1_22' title='bbox 1245 508 1363 558; x_wconf 84' lang='lat' dir='ltr'><strong>pater</strong></span> <span class='ocrx_word' id='word_1_23' title='bbox 1387 517 1499 546; x_wconf 83' lang='lat' dir='ltr'><strong>meus</strong></span> <span class='ocrx_word' id='word_1_24' title='bbox 1522 504 1621 546; x_wconf 86' lang='lat' dir='ltr'><strong>duos</strong></span> <span class='ocrx_word' id='word_1_25' title='bbox 1646 505 1829 547; x_wconf 78' lang='lat' dir='ltr'><strong>denarios</strong></span> <span class='ocrx_word' id='word_1_26' title='bbox 1853 517 1974 557; x_wconf 84' lang='lat' dir='ltr'><strong>super</strong></span> <span class='ocrx_word' id='word_1_27' title='bbox 1998 518 2062 546; x_wconf 87' lang='lat' dir='ltr'><strong>me</strong></span> <span class='ocrx_word' id='word_1_28' title='bbox 2091 505 2257 560; x_wconf 66' lang='lat' dir='ltr'><strong>singdis</strong></span> <span class='ocrx_word' id='word_1_29' title='bbox 2278 509 2429 559; x_wconf 64' lang='lat' dir='ltr'><strong>diebus</strong></span> 
     </span>
     <span class='ocr_line' id='line_1_4' title="bbox 338 567 2427 625; baseline 0.002 -12"><span class='ocrx_word' id='word_1_30' title='bbox 338 572 542 625; x_wconf 84' lang='lat' dir='ltr'><strong>expendit.</strong></span> <span class='ocrx_word' id='word_1_31' title='bbox 607 569 693 611; x_wconf 85' lang='lat' dir='ltr'><strong>Iam</strong></span> <span class='ocrx_word' id='word_1_32' title='bbox 715 571 832 621; x_wconf 82' lang='lat' dir='ltr'><strong>pater</strong></span> <span class='ocrx_word' id='word_1_33' title='bbox 857 573 970 609; x_wconf 72' lang='lat' dir='ltr'><strong>meus</strong></span> <span class='ocrx_word' id='word_1_34' title='bbox 995 567 1039 608; x_wconf 88' lang='lat' dir='ltr'><strong>in</strong></span> <span class='ocrx_word' id='word_1_35' title='bbox 1066 573 1242 622; x_wconf 71' lang='lat' dir='ltr'><strong>egestate</strong></span> <span class='ocrx_word' id='word_1_36' title='bbox 1269 574 1332 612; x_wconf 88' lang='lat' dir='ltr'><strong>est</strong></span> <span class='ocrx_word' id='word_1_37' title='bbox 1357 570 1530 621; x_wconf 71' lang='lat' dir='ltr'><strong>pontus,</strong></span> <span class='ocrx_word' id='word_1_38' title='bbox 1565 570 1670 612; x_wconf 75' lang='lat' dir='ltr'><strong>unde</strong></span> <span class='ocrx_word' id='word_1_39' title='bbox 1696 570 1800 612; x_wconf 79' lang='lat' dir='ltr'><strong>ratio</strong></span> <span class='ocrx_word' id='word_1_40' title='bbox 1820 569 1964 619; x_wconf 78' lang='lat' dir='ltr'><strong>dictat,</strong></span> <span class='ocrx_word' id='word_1_41' title='bbox 1997 568 2105 622; x_wconf 89' lang='lat' dir='ltr'><strong>quod</strong></span> <span class='ocrx_word' id='word_1_42' title='bbox 2128 571 2166 612; x_wconf 85' lang='lat' dir='ltr'><strong>ei</strong></span> <span class='ocrx_word' id='word_1_43' title='bbox 2191 572 2427 621; x_wconf 65' lang='lat' dir='ltr'><strong>mhveniam.</strong></span> 
     </span>
     <span class='ocr_line' id='line_1_5' title="bbox 337 631 2429 707; baseline 0.001 -29"><span class='ocrx_word' id='word_1_44' title='bbox 337 636 385 678; x_wconf 87' lang='lat' dir='ltr'><strong>in</strong></span> <span class='ocrx_word' id='word_1_45' title='bbox 408 649 482 678; x_wconf 88' lang='lat' dir='ltr'><strong>sua</strong></span> <span class='ocrx_word' id='word_1_46' title='bbox 506 635 741 707; x_wconf 72' lang='lat' dir='ltr'><strong>paupertate</strong></span> <span class='ocrx_word' id='word_1_47' title='bbox 767 635 808 674; x_wconf 88' lang='lat' dir='ltr'><strong>et</strong></span> <span class='ocrx_word' id='word_1_48' title='bbox 832 631 926 672; x_wconf 85' lang='lat' dir='ltr'><strong>ideo</strong></span> <span class='ocrx_word' id='word_1_49' title='bbox 953 632 1062 673; x_wconf 89' lang='lat' dir='ltr'><strong>omni</strong></span> <span class='ocrx_word' id='word_1_50' title='bbox 1087 632 1154 675; x_wconf 85' lang='lat' dir='ltr'><strong>die</strong></span> <span class='ocrx_word' id='word_1_51' title='bbox 1183 633 1283 675; x_wconf 78' lang='lat' dir='ltr'><strong>duos</strong></span> <span class='ocrx_word' id='word_1_52' title='bbox 1310 633 1495 675; x_wconf 82' lang='lat' dir='ltr'><strong>denarios</strong></span> <span class='ocrx_word' id='word_1_53' title='bbox 1521 634 1560 676; x_wconf 88' lang='lat' dir='ltr'><strong>ei</strong></span> <span class='ocrx_word' id='word_1_54' title='bbox 1585 633 1712 677; x_wconf 57' lang='lat' dir='ltr'><strong>bado.</strong></span> <span class='ocrx_word' id='word_1_55' title='bbox 1764 634 1874 676; x_wconf 86' lang='lat' dir='ltr'><strong>Duos</strong></span> <span class='ocrx_word' id='word_1_56' title='bbox 1894 634 1995 677; x_wconf 71' lang='lat' dir='ltr'><strong>alios</strong></span> <span class='ocrx_word' id='word_1_57' title='bbox 2019 634 2209 677; x_wconf 72' lang='lat' dir='ltr'><strong>denarios</strong></span> <span class='ocrx_word' id='word_1_58' title='bbox 2225 635 2313 679; x_wconf 78' lang='lat' dir='ltr'><strong>filio</strong></span> <span class='ocrx_word' id='word_1_59' title='bbox 2332 650 2429 682; x_wconf 74' lang='lat' dir='ltr'><strong>neo</strong></span> 
     </span>
     <span class='ocr_line' id='line_1_6' title="bbox 338 696 2425 753; baseline 0 -10"><span class='ocrx_word' id='word_1_60' title='bbox 338 701 570 748; x_wconf 77' lang='lat' dir='ltr'><strong>accomodo,</strong></span> <span class='ocrx_word' id='word_1_61' title='bbox 596 699 666 751; x_wconf 87' lang='lat' dir='ltr'><strong>qui</strong></span> <span class='ocrx_word' id='word_1_62' title='bbox 692 698 776 739; x_wconf 87' lang='lat' dir='ltr'><strong>iam</strong></span> <span class='ocrx_word' id='word_1_63' title='bbox 806 696 858 737; x_wconf 85' lang='lat' dir='ltr'><strong>ad</strong></span> <span class='ocrx_word' id='word_1_64' title='bbox 885 696 1062 738; x_wconf 83' lang='lat' dir='ltr'><strong>studium</strong></span> <span class='ocrx_word' id='word_1_65' title='bbox 1088 698 1239 751; x_wconf 81' lang='lat' dir='ltr'><strong>pergit,</strong></span> <span class='ocrx_word' id='word_1_66' title='bbox 1276 702 1322 738; x_wconf 89' lang='lat' dir='ltr'><strong>ut</strong></span> <span class='ocrx_word' id='word_1_67' title='bbox 1345 699 1380 737; x_wconf 91' lang='lat' dir='ltr'><strong>si</strong></span> <span class='ocrx_word' id='word_1_68' title='bbox 1407 699 1630 752; x_wconf 78' lang='lat' dir='ltr'><strong>contingat,</strong></span> <span class='ocrx_word' id='word_1_69' title='bbox 1658 699 1801 740; x_wconf 74' lang='lat' dir='ltr'><strong>moad</strong></span> <span class='ocrx_word' id='word_1_70' title='bbox 1826 702 2044 753; x_wconf 62' lang='lat' dir='ltr'><strong>egemtem</strong></span> <span class='ocrx_word' id='word_1_71' title='bbox 2067 700 2292 751; x_wconf 68' lang='lat' dir='ltr'><strong>pervenire,</strong></span> <span class='ocrx_word' id='word_1_72' title='bbox 2324 701 2425 744; x_wconf 75' lang='lat' dir='ltr'><strong>mihi</strong></span> 
     </span>
     <span class='ocr_line' id='line_1_7' title="bbox 339 761 2428 818; baseline -0.001 -8"><span class='ocrx_word' id='word_1_73' title='bbox 339 768 433 810; x_wconf 85' lang='lat' dir='ltr'><strong>illos</strong></span> <span class='ocrx_word' id='word_1_74' title='bbox 458 767 557 808; x_wconf 89' lang='lat' dir='ltr'><strong>duos</strong></span> <span class='ocrx_word' id='word_1_75' title='bbox 584 764 770 806; x_wconf 85' lang='lat' dir='ltr'><strong>denarios</strong></span> <span class='ocrx_word' id='word_1_76' title='bbox 796 761 962 813; x_wconf 85' lang='lat' dir='ltr'><strong>reddat,</strong></span> <span class='ocrx_word' id='word_1_77' title='bbox 1003 762 1108 804; x_wconf 89' lang='lat' dir='ltr'><strong>sicut</strong></span> <span class='ocrx_word' id='word_1_78' title='bbox 1130 777 1205 818; x_wconf 85' lang='lat' dir='ltr'><strong>ego</strong></span> <span class='ocrx_word' id='word_1_79' title='bbox 1229 764 1309 805; x_wconf 81' lang='lat' dir='ltr'><strong>iam</strong></span> <span class='ocrx_word' id='word_1_80' title='bbox 1333 762 1440 814; x_wconf 88' lang='lat' dir='ltr'><strong>patri</strong></span> <span class='ocrx_word' id='word_1_81' title='bbox 1465 776 1553 806; x_wconf 88' lang='lat' dir='ltr'><strong>meo</strong></span> <span class='ocrx_word' id='word_1_82' title='bbox 1579 763 1692 806; x_wconf 76' lang='lat' dir='ltr'><strong>facio.</strong></span> <span class='ocrx_word' id='word_1_83' title='bbox 1761 764 1870 806; x_wconf 87' lang='lat' dir='ltr'><strong>Duos</strong></span> <span class='ocrx_word' id='word_1_84' title='bbox 1895 764 1994 806; x_wconf 74' lang='lat' dir='ltr'><strong>alios</strong></span> <span class='ocrx_word' id='word_1_85' title='bbox 2020 764 2204 807; x_wconf 79' lang='lat' dir='ltr'><strong>denarios</strong></span> <span class='ocrx_word' id='word_1_86' title='bbox 2228 764 2336 807; x_wconf 87' lang='lat' dir='ltr'><strong>omni</strong></span> <span class='ocrx_word' id='word_1_87' title='bbox 2361 764 2428 808; x_wconf 85' lang='lat' dir='ltr'><strong>die</strong></span> 
     </span>
     <span class='ocr_line' id='line_1_8' title="bbox 340 828 2431 886; baseline -0.001 -12"><span class='ocrx_word' id='word_1_88' title='bbox 340 833 467 886; x_wconf 87' lang='lat' dir='ltr'><strong>perdo</strong></span> <span class='ocrx_word' id='word_1_89' title='bbox 495 844 615 883; x_wconf 89' lang='lat' dir='ltr'><strong>super</strong></span> <span class='ocrx_word' id='word_1_90' title='bbox 639 841 805 870; x_wconf 86' lang='lat' dir='ltr'><strong>uxorem</strong></span> <span class='ocrx_word' id='word_1_91' title='bbox 828 841 960 868; x_wconf 86' lang='lat' dir='ltr'><strong>meam</strong></span> <span class='ocrx_word' id='word_1_92' title='bbox 974 858 984 877; x_wconf 90' lang='lat'><strong>,</strong></span> <span class='ocrx_word' id='word_1_93' title='bbox 1020 828 1116 880; x_wconf 85' lang='lat' dir='ltr'><strong>quia</strong></span> <span class='ocrx_word' id='word_1_94' title='bbox 1151 832 1212 869; x_wconf 88' lang='lat' dir='ltr'><strong>est</strong></span> <span class='ocrx_word' id='word_1_95' title='bbox 1247 830 1345 870; x_wconf 87' lang='lat' dir='ltr'><strong>mihi</strong></span> <span class='ocrx_word' id='word_1_96' title='bbox 1373 842 1528 882; x_wconf 78' lang='lat' dir='ltr'><strong>semper</strong></span> <span class='ocrx_word' id='word_1_97' title='bbox 1550 831 1768 881; x_wconf 78' lang='lat' dir='ltr'><strong>contraria,</strong></span> <span class='ocrx_word' id='word_1_98' title='bbox 1803 835 1875 873; x_wconf 87' lang='lat' dir='ltr'><strong>aut</strong></span> <span class='ocrx_word' id='word_1_99' title='bbox 1911 832 2097 884; x_wconf 82' lang='lat' dir='ltr'><strong>propriae</strong></span> <span class='ocrx_word' id='word_1_100' title='bbox 2123 831 2336 874; x_wconf 77' lang='lat' dir='ltr'><strong>voluntatis</strong></span> <span class='ocrx_word' id='word_1_101' title='bbox 2360 834 2431 873; x_wconf 83' lang='lat' dir='ltr'><strong>aut</strong></span> 
     </span>
     <span class='ocr_line' id='line_1_9' title="bbox 340 894 2430 950; baseline -0.001 -9"><span class='ocrx_word' id='word_1_102' title='bbox 340 898 511 942; x_wconf 75' lang='lat' dir='ltr'><strong>callidae</strong></span> <span class='ocrx_word' id='word_1_103' title='bbox 539 894 847 948; x_wconf 80' lang='lat' dir='ltr'><strong>complexionis:</strong></span> <span class='ocrx_word' id='word_1_104' title='bbox 884 896 927 935; x_wconf 91' lang='lat' dir='ltr'><strong>et</strong></span> <span class='ocrx_word' id='word_1_105' title='bbox 964 896 1128 946; x_wconf 87' lang='lat' dir='ltr'><strong>propter</strong></span> <span class='ocrx_word' id='word_1_106' title='bbox 1157 894 1235 934; x_wconf 84' lang='lat' dir='ltr'><strong>ista</strong></span> <span class='ocrx_word' id='word_1_107' title='bbox 1260 895 1356 944; x_wconf 85' lang='lat' dir='ltr'><strong>tria,</strong></span> <span class='ocrx_word' id='word_1_108' title='bbox 1394 895 1585 949; x_wconf 87' lang='lat' dir='ltr'><strong>quicquid</strong></span> <span class='ocrx_word' id='word_1_109' title='bbox 1614 896 1652 938; x_wconf 90' lang='lat' dir='ltr'><strong>ei</strong></span> <span class='ocrx_word' id='word_1_110' title='bbox 1678 895 1844 946; x_wconf 85' lang='lat' dir='ltr'><strong>dedero,</strong></span> <span class='ocrx_word' id='word_1_111' title='bbox 1879 897 1956 939; x_wconf 89' lang='lat' dir='ltr'><strong>hoc</strong></span> <span class='ocrx_word' id='word_1_112' title='bbox 1991 896 2126 950; x_wconf 85' lang='lat' dir='ltr'><strong>perd0.</strong></span> <span class='ocrx_word' id='word_1_113' title='bbox 2186 896 2295 939; x_wconf 84' lang='lat' dir='ltr'><strong>Duos</strong></span> <span class='ocrx_word' id='word_1_114' title='bbox 2329 896 2430 939; x_wconf 78' lang='lat' dir='ltr'><strong>alios</strong></span> 
     </span>
    </p>
   </div>
   <div class='ocr_carea' id='block_1_3' title="bbox 248 959 2429 1025">
    <p class='ocr_par' dir='ltr' id='par_1_3' title="bbox 248 959 2429 1025">
     <span class='ocr_line' id='line_1_10' title="bbox 248 959 2429 1025; baseline -0.001 -19"><span class='ocrx_word' id='word_1_115' title='bbox 248 1015 259 1025; x_wconf 38' lang='grc' dir='ltr'><strong>ο</strong></span> <span class='ocrx_word' id='word_1_116' title='bbox 344 965 534 1008; x_wconf 81' lang='lat' dir='ltr'><strong>denarios</strong></span> <span class='ocrx_word' id='word_1_117' title='bbox 563 975 683 1015; x_wconf 90' lang='lat' dir='ltr'><strong>super</strong></span> <span class='ocrx_word' id='word_1_118' title='bbox 709 974 774 1003; x_wconf 90' lang='lat' dir='ltr'><strong>me</strong></span> <span class='ocrx_word' id='word_1_119' title='bbox 795 961 929 1012; x_wconf 89' lang='lat' dir='ltr'><strong>ipsum</strong></span> <span class='ocrx_word' id='word_1_120' title='bbox 953 961 995 1001; x_wconf 91' lang='lat' dir='ltr'><strong>in</strong></span> <span class='ocrx_word' id='word_1_121' title='bbox 1025 960 1124 1001; x_wconf 85' lang='lat' dir='ltr'>cibis</span> <span class='ocrx_word' id='word_1_122' title='bbox 1162 963 1202 1000; x_wconf 90' lang='lat' dir='ltr'><strong>et</strong></span> <span class='ocrx_word' id='word_1_123' title='bbox 1237 960 1397 1012; x_wconf 89' lang='lat' dir='ltr'><strong>potibus</strong></span> <span class='ocrx_word' id='word_1_124' title='bbox 1429 960 1622 1013; x_wconf 78' lang='lat' dir='ltr'>expendo,</span> <span class='ocrx_word' id='word_1_125' title='bbox 1683 960 1831 1003; x_wconf 86' lang='lat' dir='ltr'><strong>Lenius</strong></span> <span class='ocrx_word' id='word_1_126' title='bbox 1865 961 1970 1003; x_wconf 87' lang='lat' dir='ltr'><strong>bono</strong></span> <span class='ocrx_word' id='word_1_127' title='bbox 1998 961 2116 1003; x_wconf 85' lang='lat' dir='ltr'><strong>medo</strong></span> <span class='ocrx_word' id='word_1_128' title='bbox 2149 962 2317 1004; x_wconf 59' lang='lat' dir='ltr'><strong>stansire</strong></span> <span class='ocrx_word' id='word_1_129' title='bbox 2334 959 2429 1004; x_wconf 86' lang='grc' dir='ltr'><strong>Ι11011</strong></span> 
     </span>
    </p>
   </div>
   <div class='ocr_carea' id='block_1_4' title="bbox 334 1016 2434 2324">
    <p class='ocr_par' dir='ltr' id='par_1_4' title="bbox 341 1016 2434 1340">
     <span class='ocr_line' id='line_1_11' title="bbox 341 1016 2431 1083; baseline -0.003 -11"><span class='ocrx_word' id='word_1_130' title='bbox 341 1035 505 1083; x_wconf 85' lang='lat' dir='ltr'><strong>potero,</strong></span> <span class='ocrx_word' id='word_1_131' title='bbox 531 1032 573 1070; x_wconf 88' lang='lat' dir='ltr'><strong>et</strong></span> <span class='ocrx_word' id='word_1_132' title='bbox 599 1029 698 1068; x_wconf 83' lang='lat' dir='ltr'><strong>istos</strong></span> <span class='ocrx_word' id='word_1_133' title='bbox 726 1025 913 1067; x_wconf 84' lang='lat' dir='ltr'><strong>denarios</strong></span> <span class='ocrx_word' id='word_1_134' title='bbox 939 1038 1018 1066; x_wconf 91' lang='lat' dir='ltr'><strong>non</strong></span> <span class='ocrx_word' id='word_1_135' title='bbox 1046 1037 1202 1075; x_wconf 88' lang='lat' dir='ltr'><strong>possum</strong></span> <span class='ocrx_word' id='word_1_136' title='bbox 1229 1024 1410 1067; x_wconf 89' lang='lat' dir='ltr'><strong>obtinere</strong></span> <span class='ocrx_word' id='word_1_137' title='bbox 1436 1026 1521 1067; x_wconf 87' lang='lat' dir='ltr'><strong>sine</strong></span> <span class='ocrx_word' id='word_1_138' title='bbox 1547 1025 1735 1067; x_wconf 88' lang='lat' dir='ltr'><strong>continuo</strong></span> <span class='ocrx_word' id='word_1_139' title='bbox 1748 1026 1896 1069; x_wconf 87' lang='lat' dir='ltr'><strong>labore.</strong></span> <span class='ocrx_word' id='word_1_140' title='bbox 1933 1027 2019 1068; x_wconf 85' lang='lat' dir='ltr'><strong>Iam</strong></span> <span class='ocrx_word' id='word_1_141' title='bbox 2034 1027 2199 1069; x_wconf 75' lang='lat' dir='ltr'><strong>audistis</strong></span> <span class='ocrx_word' id='word_1_142' title='bbox 2215 1016 2431 1070; x_wconf 82' lang='lat' dir='ltr'><strong>rationem:</strong></span> 
     </span>
     <span class='ocr_line' id='line_1_12' title="bbox 342 1090 2432 1148; baseline -0 -11"><span class='ocrx_word' id='word_1_143' title='bbox 342 1096 448 1137; x_wconf 86' lang='lat' dir='ltr'><strong>detis</strong></span> <span class='ocrx_word' id='word_1_144' title='bbox 475 1107 570 1148; x_wconf 83' lang='lat' dir='ltr'><strong>ergo</strong></span> <span class='ocrx_word' id='word_1_145' title='bbox 599 1093 793 1133; x_wconf 89' lang='lat' dir='ltr'><strong>iudicium</strong></span> <span class='ocrx_word' id='word_1_146' title='bbox 821 1094 984 1132; x_wconf 85' lang='lat' dir='ltr'><strong>certum.</strong></span> <span class='ocrx_word' id='word_1_147' title='bbox 1036 1090 1105 1130; x_wconf 90' lang='lat' dir='ltr'><strong>Ait</strong></span> <span class='ocrx_word' id='word_1_148' title='bbox 1129 1090 1367 1140; x_wconf 82' lang='lat' dir='ltr'><strong>imperator:</strong></span> <span class='ocrx_word' id='word_1_149' title='bbox 1396 1090 1627 1140; x_wconf 71' lang='lat' dir='ltr'><strong>Carissimo,</strong></span> <span class='ocrx_word' id='word_1_150' title='bbox 1655 1096 1762 1133; x_wconf 74' lang='lat' dir='ltr'><strong>recte</strong></span> <span class='ocrx_word' id='word_1_151' title='bbox 1790 1093 2048 1144; x_wconf 77' lang='lat' dir='ltr'><strong>respondisti:</strong></span> <span class='ocrx_word' id='word_1_152' title='bbox 2075 1094 2174 1136; x_wconf 84' lang='lat' dir='ltr'><strong>vade</strong></span> <span class='ocrx_word' id='word_1_153' title='bbox 2201 1098 2242 1135; x_wconf 89' lang='lat' dir='ltr'><strong>et</strong></span> <span class='ocrx_word' id='word_1_154' title='bbox 2257 1094 2432 1136; x_wconf 82' lang='lat' dir='ltr'><strong>fideliter</strong></span> 
     </span>
     <span class='ocr_line' id='line_1_13' title="bbox 341 1153 2430 1211; baseline -0 -8"><span class='ocrx_word' id='word_1_155' title='bbox 341 1162 496 1204; x_wconf 86' lang='lat' dir='ltr'><strong>labora.</strong></span> <span class='ocrx_word' id='word_1_156' title='bbox 550 1160 647 1200; x_wconf 88' lang='lat' dir='ltr'><strong>Post</strong></span> <span class='ocrx_word' id='word_1_157' title='bbox 676 1158 754 1198; x_wconf 90' lang='lat' dir='ltr'><strong>hoc</strong></span> <span class='ocrx_word' id='word_1_158' title='bbox 784 1156 864 1209; x_wconf 71' lang='lat' dir='ltr'><strong>cito</strong></span> <span class='ocrx_word' id='word_1_159' title='bbox 892 1155 1107 1206; x_wconf 86' lang='lat' dir='ltr'><strong>imperator</strong></span> <span class='ocrx_word' id='word_1_160' title='bbox 1133 1153 1344 1204; x_wconf 71' lang='lat' dir='ltr'><strong>defunctus</strong></span> <span class='ocrx_word' id='word_1_161' title='bbox 1369 1159 1431 1197; x_wconf 89' lang='lat' dir='ltr'><strong>est</strong></span> <span class='ocrx_word' id='word_1_162' title='bbox 1456 1159 1498 1198; x_wconf 89' lang='lat' dir='ltr'><strong>et</strong></span> <span class='ocrx_word' id='word_1_163' title='bbox 1523 1157 1651 1198; x_wconf 80' lang='lat' dir='ltr'><strong>Focus</strong></span> <span class='ocrx_word' id='word_1_164' title='bbox 1677 1156 1792 1199; x_wconf 75' lang='lat' dir='ltr'><strong>faber</strong></span> <span class='ocrx_word' id='word_1_165' title='bbox 1830 1161 1994 1210; x_wconf 90' lang='lat' dir='ltr'><strong>propter</strong></span> <span class='ocrx_word' id='word_1_166' title='bbox 2030 1172 2139 1200; x_wconf 86' lang='lat' dir='ltr'><strong>suam</strong></span> <span class='ocrx_word' id='word_1_167' title='bbox 2178 1159 2430 1211; x_wconf 73' lang='lat' dir='ltr'><strong>prudentiam</strong></span> 
     </span>
     <span class='ocr_line' id='line_1_14' title="bbox 342 1220 2434 1277; baseline 0 -10"><span class='ocrx_word' id='word_1_168' title='bbox 342 1227 388 1267; x_wconf 91' lang='lat' dir='ltr'><strong>in</strong></span> <span class='ocrx_word' id='word_1_169' title='bbox 410 1227 701 1276; x_wconf 73' lang='lat' dir='ltr'><strong>imperatorem</strong></span> <span class='ocrx_word' id='word_1_170' title='bbox 728 1221 891 1274; x_wconf 87' lang='lat' dir='ltr'><strong>eligitur</strong></span> <span class='ocrx_word' id='word_1_171' title='bbox 916 1220 967 1260; x_wconf 89' lang='lat' dir='ltr'><strong>ab</strong></span> <span class='ocrx_word' id='word_1_172' title='bbox 997 1220 1197 1267; x_wconf 88' lang='lat' dir='ltr'><strong>omnibus,</strong></span> <span class='ocrx_word' id='word_1_173' title='bbox 1227 1221 1297 1272; x_wconf 87' lang='lat' dir='ltr'><strong>qui</strong></span> <span class='ocrx_word' id='word_1_174' title='bbox 1319 1221 1532 1272; x_wconf 79' lang='lat' dir='ltr'><strong>imperim</strong></span> <span class='ocrx_word' id='word_1_175' title='bbox 1557 1221 1654 1261; x_wconf 88' lang='lat' dir='ltr'><strong>satis</strong></span> <span class='ocrx_word' id='word_1_176' title='bbox 1680 1221 1898 1272; x_wconf 79' lang='lat' dir='ltr'><strong>prudenter</strong></span> <span class='ocrx_word' id='word_1_177' title='bbox 1923 1224 2095 1277; x_wconf 82' lang='lat' dir='ltr'><strong>regebat.</strong></span> <span class='ocrx_word' id='word_1_178' title='bbox 2150 1225 2241 1277; x_wconf 90' lang='lat' dir='ltr'><strong>Ipso</strong></span> <span class='ocrx_word' id='word_1_179' title='bbox 2275 1229 2434 1267; x_wconf 82' lang='lat' dir='ltr'><strong>mortuo</strong></span> 
     </span>
     <span class='ocr_line' id='line_1_15' title="bbox 341 1285 2070 1340; baseline -0.002 -6"><span class='ocrx_word' id='word_1_180' title='bbox 341 1292 450 1334; x_wconf 75' lang='lat' dir='ltr'><strong>inter</strong></span> <span class='ocrx_word' id='word_1_181' title='bbox 478 1290 579 1332; x_wconf 83' lang='lat' dir='ltr'><strong>alios</strong></span> <span class='ocrx_word' id='word_1_182' title='bbox 604 1290 868 1340; x_wconf 83' lang='lat' dir='ltr'><strong>imperatores</strong></span> <span class='ocrx_word' id='word_1_183' title='bbox 886 1286 1015 1338; x_wconf 81' lang='lat' dir='ltr'><strong>imago</strong></span> <span class='ocrx_word' id='word_1_184' title='bbox 1042 1286 1125 1326; x_wconf 90' lang='lat' dir='ltr'><strong>eius</strong></span> <span class='ocrx_word' id='word_1_185' title='bbox 1151 1285 1401 1338; x_wconf 83' lang='lat' dir='ltr'><strong>depingitur,</strong></span> <span class='ocrx_word' id='word_1_186' title='bbox 1425 1289 1467 1327; x_wconf 88' lang='lat' dir='ltr'><strong>et</strong></span> <span class='ocrx_word' id='word_1_187' title='bbox 1491 1286 1599 1328; x_wconf 87' lang='lat' dir='ltr'><strong>ultra</strong></span> <span class='ocrx_word' id='word_1_188' title='bbox 1625 1291 1745 1339; x_wconf 88' lang='lat' dir='ltr'><strong>caput</strong></span> <span class='ocrx_word' id='word_1_189' title='bbox 1770 1291 1859 1329; x_wconf 92' lang='lat' dir='ltr'><strong>octo</strong></span> <span class='ocrx_word' id='word_1_190' title='bbox 1885 1288 2070 1332; x_wconf 49' lang='lat' dir='ltr'><strong>denarii!</strong></span> 
     </span>
    </p>

    <p class='ocr_par' dir='ltr' id='par_1_5' title="bbox 334 1348 2432 2324">
     <span class='ocr_line' id='line_1_16' title="bbox 334 1348 2428 1410; baseline 0 -13"><span class='ocrx_word' id='word_1_191' title='bbox 334 1348 340 1351; x_wconf 60' lang='grc'><strong><em>’</em></strong></span> <span class='ocrx_word' id='word_1_192' title='bbox 448 1357 494 1399; x_wconf 88' lang='lat' dir='ltr'><strong>A.</strong></span> <span class='ocrx_word' id='word_1_193' title='bbox 534 1355 672 1396; x_wconf 85' lang='lat' dir='ltr'><strong>Keller</strong></span> <span class='ocrx_word' id='word_1_194' title='bbox 703 1354 748 1393; x_wconf 90' lang='lat' dir='ltr'><strong>in</strong></span> <span class='ocrx_word' id='word_1_195' title='bbox 783 1351 995 1393; x_wconf 82' lang='lat' dir='ltr'><strong>vernacula</strong></span> <span class='ocrx_word' id='word_1_196' title='bbox 1019 1351 1230 1391; x_wconf 84' lang='lat' dir='ltr'><strong>Gestorum</strong></span> <span class='ocrx_word' id='word_1_197' title='bbox 1267 1351 1530 1393; x_wconf 79' lang='lat' dir='ltr'><strong>translatione</strong></span> <span class='ocrx_word' id='word_1_198' title='bbox 1566 1352 1652 1393; x_wconf 83' lang='lat' dir='ltr'><strong>loco</strong></span> <span class='ocrx_word' id='word_1_199' title='bbox 1688 1351 1804 1410; x_wconf 87' lang='lat' dir='ltr'><strong>illius</strong></span> <span class='ocrx_word' id='word_1_200' title='bbox 1829 1352 1946 1404; x_wconf 83' lang='lat' dir='ltr'><strong>plane</strong></span> <span class='ocrx_word' id='word_1_201' title='bbox 1976 1354 2102 1407; x_wconf 83' lang='lat' dir='ltr'><strong>ignoti</strong></span> <span class='ocrx_word' id='word_1_202' title='bbox 2137 1355 2307 1396; x_wconf 89' lang='lat' dir='ltr'><strong>hominis</strong></span> <span class='ocrx_word' id='word_1_203' title='bbox 2332 1355 2428 1397; x_wconf 87' lang='lat' dir='ltr'><strong>Foci</strong></span> 
     </span>
     <span class='ocr_line' id='line_1_17' title="bbox 341 1417 2432 1474; baseline 0 -11"><span class='ocrx_word' id='word_1_204' title='bbox 341 1422 592 1463; x_wconf 78' lang='lat' dir='ltr'><strong>emendavit:</strong></span> <span class='ocrx_word' id='word_1_205' title='bbox 622 1420 790 1468; x_wconf 48' lang='lat' dir='ltr'><strong>„Focasffi</strong></span> <span class='ocrx_word' id='word_1_206' title='bbox 820 1417 871 1458; x_wconf 85' lang='lat' dir='ltr'><strong>ad</strong></span> <span class='ocrx_word' id='word_1_207' title='bbox 897 1418 1010 1457; x_wconf 91' lang='lat' dir='ltr'><strong>illum</strong></span> <span class='ocrx_word' id='word_1_208' title='bbox 1036 1417 1346 1469; x_wconf 84' lang='lat' dir='ltr'><strong>Byzantinorum</strong></span> <span class='ocrx_word' id='word_1_209' title='bbox 1372 1417 1654 1468; x_wconf 79' lang='lat' dir='ltr'><strong>imperatorem</strong></span> <span class='ocrx_word' id='word_1_210' title='bbox 1680 1418 1916 1469; x_wconf 84' lang='lat' dir='ltr'><strong>respiciens,</strong></span> <span class='ocrx_word' id='word_1_211' title='bbox 1941 1420 2050 1460; x_wconf 90' lang='lat' dir='ltr'><strong>cuius</strong></span> <span class='ocrx_word' id='word_1_212' title='bbox 2076 1424 2207 1461; x_wconf 87' lang='lat' dir='ltr'><strong>statua</strong></span> <span class='ocrx_word' id='word_1_213' title='bbox 2234 1421 2432 1474; x_wconf 85' lang='lat' dir='ltr'><strong>hodieque</strong></span> 
     </span>
     <span class='ocr_line' id='line_1_18' title="bbox 338 1481 2428 1541; baseline -0.001 -12"><span class='ocrx_word' id='word_1_214' title='bbox 338 1488 490 1529; x_wconf 86' lang='lat' dir='ltr'><strong>Romae</strong></span> <span class='ocrx_word' id='word_1_215' title='bbox 518 1486 642 1528; x_wconf 84' lang='lat' dir='ltr'><strong>adest.</strong></span> <span class='ocrx_word' id='word_1_216' title='bbox 706 1482 1032 1533; x_wconf 79' lang='lat' dir='ltr'><strong>Quilibet-videt,</strong></span> <span class='ocrx_word' id='word_1_217' title='bbox 1071 1482 1173 1523; x_wconf 89' lang='lat' dir='ltr'><strong>mira</strong></span> <span class='ocrx_word' id='word_1_218' title='bbox 1199 1481 1375 1541; x_wconf 87' lang='lat' dir='ltr'><strong>locorum</strong></span> <span class='ocrx_word' id='word_1_219' title='bbox 1401 1495 1449 1523; x_wconf 89' lang='lat' dir='ltr'><strong>ac</strong></span> <span class='ocrx_word' id='word_1_220' title='bbox 1474 1485 1699 1534; x_wconf 83' lang='lat' dir='ltr'><strong>temporum</strong></span> <span class='ocrx_word' id='word_1_221' title='bbox 1740 1483 1964 1526; x_wconf 84' lang='lat' dir='ltr'><strong>confusione</strong></span> <span class='ocrx_word' id='word_1_222' title='bbox 2001 1485 2098 1525; x_wconf 88' lang='lat' dir='ltr'><strong>illud</strong></span> <span class='ocrx_word' id='word_1_223' title='bbox 2125 1485 2428 1537; x_wconf 85' lang='lat' dir='ltr'><strong>Neapolitanum</strong></span> 
     </span>
     <span class='ocr_line' id='line_1_19' title="bbox 334 1541 2424 1604; baseline -0.001 -9"><span class='ocrx_word' id='word_1_224' title='bbox 334 1553 387 1595; x_wconf 89' lang='lat' dir='ltr'><strong>de</strong></span> <span class='ocrx_word' id='word_1_225' title='bbox 415 1552 615 1604; x_wconf 82' lang='lat' dir='ltr'><strong>capitibus</strong></span> <span class='ocrx_word' id='word_1_226' title='bbox 640 1541 1001 1603; x_wconf 73' lang='lat' dir='ltr'><strong>praesagientibus,</strong></span> <span class='ocrx_word' id='word_1_227' title='bbox 1029 1543 1135 1598; x_wconf 86' lang='lat' dir='ltr'><strong>quod</strong></span> <span class='ocrx_word' id='word_1_228' title='bbox 1159 1560 1280 1599; x_wconf 85' lang='lat' dir='ltr'><strong>supra</strong></span> <span class='ocrx_word' id='word_1_229' title='bbox 1306 1547 1509 1599; x_wconf 83' lang='lat' dir='ltr'><strong>proposui,</strong></span> <span class='ocrx_word' id='word_1_230' title='bbox 1544 1547 1596 1588; x_wconf 87' lang='lat' dir='ltr'><strong>ad</strong></span> <span class='ocrx_word' id='word_1_231' title='bbox 1623 1548 1822 1589; x_wconf 86' lang='lat' dir='ltr'><strong>Romanas</strong></span> <span class='ocrx_word' id='word_1_232' title='bbox 1849 1562 1913 1590; x_wconf 87' lang='lat' dir='ltr'><strong>res</strong></span> <span class='ocrx_word' id='word_1_233' title='bbox 1938 1550 2173 1591; x_wconf 82' lang='lat' dir='ltr'><strong>translatum</strong></span> <span class='ocrx_word' id='word_1_234' title='bbox 2200 1565 2296 1594; x_wconf 85' lang='lat' dir='ltr'><strong>esse.</strong></span> <span class='ocrx_word' id='word_1_235' title='bbox 2329 1551 2424 1593; x_wconf 85' lang='lat' dir='ltr'><strong>Cae-</strong></span> 
     </span>
     <span class='ocr_line' id='line_1_20' title="bbox 335 1613 2430 1669; baseline -0.001 -8"><span class='ocrx_word' id='word_1_236' title='bbox 335 1623 469 1661; x_wconf 84' lang='lat' dir='ltr'><strong>terum</strong></span> <span class='ocrx_word' id='word_1_237' title='bbox 496 1631 578 1658; x_wconf 92' lang='lat' dir='ltr'><strong>non</strong></span> <span class='ocrx_word' id='word_1_238' title='bbox 604 1617 725 1669; x_wconf 88' lang='lat' dir='ltr'><strong>plane</strong></span> <span class='ocrx_word' id='word_1_239' title='bbox 751 1616 890 1667; x_wconf 91' lang='lat' dir='ltr'><strong>inepta</strong></span> <span class='ocrx_word' id='word_1_240' title='bbox 916 1615 1023 1661; x_wconf 92' lang='lat' dir='ltr'><strong>sunt,</strong></span> <span class='ocrx_word' id='word_1_241' title='bbox 1060 1625 1161 1664; x_wconf 88' lang='lat' dir='ltr'><strong>quae</strong></span> <span class='ocrx_word' id='word_1_242' title='bbox 1198 1613 1241 1653; x_wconf 90' lang='lat' dir='ltr'><strong>in</strong></span> <span class='ocrx_word' id='word_1_243' title='bbox 1268 1613 1400 1654; x_wconf 84' lang='lat' dir='ltr'><strong>Gestis</strong></span> <span class='ocrx_word' id='word_1_244' title='bbox 1431 1613 1568 1654; x_wconf 87' lang='lat' dir='ltr'><strong>latinis</strong></span> <span class='ocrx_word' id='word_1_245' title='bbox 1605 1615 1945 1663; x_wconf 49' lang='lat' dir='ltr'><strong>„Mn-alwiomffl</strong></span> <span class='ocrx_word' id='word_1_246' title='bbox 1969 1616 2126 1657; x_wconf 90' lang='lat' dir='ltr'><strong>nomine</strong></span> <span class='ocrx_word' id='word_1_247' title='bbox 2155 1616 2291 1658; x_wconf 89' lang='lat' dir='ltr'><strong>addita</strong></span> <span class='ocrx_word' id='word_1_248' title='bbox 2326 1614 2430 1669; x_wconf 73' lang='lat' dir='ltr'><strong>sunt,</strong></span> 
     </span>
     <span class='ocr_line' id='line_1_21' title="bbox 335 1677 2423 1738; baseline -0.001 -11"><span class='ocrx_word' id='word_1_249' title='bbox 335 1687 622 1738; x_wconf 83' lang='lat' dir='ltr'><strong>imperatorem</strong></span> <span class='ocrx_word' id='word_1_250' title='bbox 648 1694 735 1722; x_wconf 86' lang='lat' dir='ltr'><strong>esse</strong></span> <span class='ocrx_word' id='word_1_251' title='bbox 761 1684 919 1732; x_wconf 87' lang='lat' dir='ltr'><strong>patrem</strong></span> <span class='ocrx_word' id='word_1_252' title='bbox 947 1677 1173 1726; x_wconf 84' lang='lat' dir='ltr'><strong>coelestem,</strong></span> <span class='ocrx_word' id='word_1_253' title='bbox 1201 1678 1269 1730; x_wconf 89' lang='lat' dir='ltr'><strong>qui</strong></span> <span class='ocrx_word' id='word_1_254' title='bbox 1296 1691 1368 1729; x_wconf 87' lang='lat' dir='ltr'><strong>per</strong></span> <span class='ocrx_word' id='word_1_255' title='bbox 1393 1678 1523 1731; x_wconf 82' lang='lat' dir='ltr'><strong>legem</strong></span> <span class='ocrx_word' id='word_1_256' title='bbox 1552 1680 1756 1728; x_wconf 84' lang='lat' dir='ltr'><strong>statuerit,</strong></span> <span class='ocrx_word' id='word_1_257' title='bbox 1791 1683 1855 1729; x_wconf 90' lang='lat' dir='ltr'><strong>ut,</strong></span> <span class='ocrx_word' id='word_1_258' title='bbox 1893 1681 2069 1732; x_wconf 89' lang='lat' dir='ltr'><strong>quisquis</strong></span> <span class='ocrx_word' id='word_1_259' title='bbox 2096 1681 2202 1722; x_wconf 91' lang='lat' dir='ltr'><strong>diem</strong></span> <span class='ocrx_word' id='word_1_260' title='bbox 2228 1683 2423 1736; x_wconf 81' lang='lat' dir='ltr'><strong>primoge—</strong></span> 
     </span>
     <span class='ocr_line' id='line_1_22' title="bbox 337 1743 2427 1801; baseline -0.001 -9"><span class='ocrx_word' id='word_1_261' title='bbox 337 1751 417 1792; x_wconf 91' lang='lat' dir='ltr'><strong>niti</strong></span> <span class='ocrx_word' id='word_1_262' title='bbox 449 1750 510 1791; x_wconf 91' lang='lat' dir='ltr'><strong>sui</strong></span> <span class='ocrx_word' id='word_1_263' title='bbox 543 1748 635 1788; x_wconf 89' lang='lat' dir='ltr'><strong>Iesu</strong></span> <span class='ocrx_word' id='word_1_264' title='bbox 663 1745 810 1786; x_wconf 89' lang='lat' dir='ltr'><strong>Christi</strong></span> <span class='ocrx_word' id='word_1_265' title='bbox 848 1746 874 1787; x_wconf 92' lang='lat' dir='ltr'><strong>i.</strong></span> <span class='ocrx_word' id='word_1_266' title='bbox 916 1758 949 1786; x_wconf 90' lang='lat' dir='ltr'><strong>e.</strong></span> <span class='ocrx_word' id='word_1_267' title='bbox 983 1743 1224 1783; x_wconf 88' lang='lat' dir='ltr'><strong>dominicum</strong></span> <span class='ocrx_word' id='word_1_268' title='bbox 1263 1756 1384 1795; x_wconf 86' lang='lat' dir='ltr'><strong>opero</strong></span> <span class='ocrx_word' id='word_1_269' title='bbox 1425 1743 1601 1795; x_wconf 87' lang='lat' dir='ltr'><strong>profesto</strong></span> <span class='ocrx_word' id='word_1_270' title='bbox 1637 1743 1838 1793; x_wconf 86' lang='lat' dir='ltr'><strong>violasset,</strong></span> <span class='ocrx_word' id='word_1_271' title='bbox 1873 1745 2065 1797; x_wconf 88' lang='lat' dir='ltr'><strong>supplicio</strong></span> <span class='ocrx_word' id='word_1_272' title='bbox 2100 1746 2342 1801; x_wconf 79' lang='lat' dir='ltr'><strong>afficeretur3</strong></span> <span class='ocrx_word' id='word_1_273' title='bbox 2384 1751 2427 1789; x_wconf 90' lang='lat' dir='ltr'><strong>at</strong></span> 
     </span>
     <span class='ocr_line' id='line_1_23' title="bbox 337 1809 2427 1868; baseline 0 -14"><span class='ocrx_word' id='word_1_274' title='bbox 337 1814 558 1868; x_wconf 89' lang='lat' dir='ltr'><strong>permultos</strong></span> <span class='ocrx_word' id='word_1_275' title='bbox 594 1825 641 1853; x_wconf 88' lang='lat' dir='ltr'><strong>eo</strong></span> <span class='ocrx_word' id='word_1_276' title='bbox 678 1811 744 1852; x_wconf 88' lang='lat' dir='ltr'><strong>die</strong></span> <span class='ocrx_word' id='word_1_277' title='bbox 782 1811 909 1852; x_wconf 85' lang='lat' dir='ltr'><strong>etiam</strong></span> <span class='ocrx_word' id='word_1_278' title='bbox 944 1810 1098 1849; x_wconf 89' lang='lat' dir='ltr'><strong>maiora</strong></span> <span class='ocrx_word' id='word_1_279' title='bbox 1134 1812 1299 1860; x_wconf 83' lang='lat' dir='ltr'><strong>peccata</strong></span> <span class='ocrx_word' id='word_1_280' title='bbox 1335 1809 1602 1858; x_wconf 79' lang='lat' dir='ltr'><strong>conmittere,</strong></span> <span class='ocrx_word' id='word_1_281' title='bbox 1646 1823 1766 1862; x_wconf 87' lang='lat' dir='ltr'><strong>quam</strong></span> <span class='ocrx_word' id='word_1_282' title='bbox 1800 1811 1942 1852; x_wconf 85' lang='lat' dir='ltr'><strong>ceteris</strong></span> <span class='ocrx_word' id='word_1_283' title='bbox 1982 1812 2239 1853; x_wconf 86' lang='lat' dir='ltr'><strong>hebdomadis</strong></span> <span class='ocrx_word' id='word_1_284' title='bbox 2278 1813 2427 1857; x_wconf 82' lang='lat' dir='ltr'><strong>diebus.</strong></span> 
     </span>
     <span class='ocr_line' id='line_1_24' title="bbox 337 1875 2428 1933; baseline -0 -12"><span class='ocrx_word' id='word_1_285' title='bbox 337 1879 570 1933; x_wconf 81' lang='lat' dir='ltr'><strong>Virgilium,</strong></span> <span class='ocrx_word' id='word_1_286' title='bbox 598 1878 667 1930; x_wconf 88' lang='lat' dir='ltr'><strong>qui</strong></span> <span class='ocrx_word' id='word_1_287' title='bbox 695 1878 801 1918; x_wconf 89' lang='lat' dir='ltr'><strong>hanc</strong></span> <span class='ocrx_word' id='word_1_288' title='bbox 828 1879 1001 1917; x_wconf 89' lang='lat' dir='ltr'><strong>statuam</strong></span> <span class='ocrx_word' id='word_1_289' title='bbox 1030 1875 1267 1923; x_wconf 88' lang='lat' dir='ltr'><strong>confecerit,</strong></span> <span class='ocrx_word' id='word_1_290' title='bbox 1305 1889 1389 1931; x_wconf 85' lang='lat' dir='ltr'><strong>esse</strong></span> <span class='ocrx_word' id='word_1_291' title='bbox 1426 1875 1611 1926; x_wconf 89' lang='lat' dir='ltr'><strong>spiritum</strong></span> <span class='ocrx_word' id='word_1_292' title='bbox 1635 1879 1832 1923; x_wconf 75' lang='lat' dir='ltr'><strong>sanctum,</strong></span> <span class='ocrx_word' id='word_1_293' title='bbox 1866 1877 1934 1927; x_wconf 90' lang='lat' dir='ltr'><strong>qui</strong></span> <span class='ocrx_word' id='word_1_294' title='bbox 1971 1890 2100 1918; x_wconf 88' lang='lat' dir='ltr'><strong>sacros</strong></span> <span class='ocrx_word' id='word_1_295' title='bbox 2133 1878 2428 1920; x_wconf 83' lang='lat' dir='ltr'><strong>concionatores</strong></span> 
     </span>
     <span class='ocr_line' id='line_1_25' title="bbox 337 1940 2426 1993; baseline -0 -5"><span class='ocrx_word' id='word_1_296' title='bbox 337 1944 602 1988; x_wconf 86' lang='lat' dir='ltr'><strong>ordinaverit:</strong></span> <span class='ocrx_word' id='word_1_297' title='bbox 642 1943 716 1984; x_wconf 92' lang='lat' dir='ltr'><strong>hos</strong></span> <span class='ocrx_word' id='word_1_298' title='bbox 743 1956 837 1985; x_wconf 92' lang='lat' dir='ltr'><strong>vero</strong></span> <span class='ocrx_word' id='word_1_299' title='bbox 863 1942 949 1982; x_wconf 89' lang='lat' dir='ltr'><strong>iure</strong></span> <span class='ocrx_word' id='word_1_300' title='bbox 979 1940 1223 1982; x_wconf 85' lang='lat' dir='ltr'><strong>exclamare:</strong></span> <span class='ocrx_word' id='word_1_301' title='bbox 1259 1940 1475 1993; x_wconf 82' lang='lat' dir='ltr'><strong>„Tempora</strong></span> <span class='ocrx_word' id='word_1_302' title='bbox 1500 1943 1725 1981; x_wconf 66' lang='lat' dir='ltr'><strong>mutantlffl‘</strong></span> <span class='ocrx_word' id='word_1_303' title='bbox 1750 1944 1831 1984; x_wconf 70' lang='lat' dir='ltr'><strong>etc·</strong></span> <span class='ocrx_word' id='word_1_304' title='bbox 1885 1943 2107 1985; x_wconf 90' lang='lat' dir='ltr'><strong>Verisimile</strong></span> <span class='ocrx_word' id='word_1_305' title='bbox 2134 1947 2211 1993; x_wconf 89' lang='lat' dir='ltr'><strong>est,</strong></span> <span class='ocrx_word' id='word_1_306' title='bbox 2246 1958 2333 1986; x_wconf 91' lang='lat' dir='ltr'><strong>cum</strong></span> <span class='ocrx_word' id='word_1_307' title='bbox 2356 1946 2426 1988; x_wconf 87' lang='lat' dir='ltr'><strong>illa</strong></span> 
     </span>
     <span class='ocr_line' id='line_1_26' title="bbox 339 2002 2420 2059; baseline -0 -6"><span class='ocrx_word' id='word_1_308' title='bbox 339 2016 495 2053; x_wconf 86' lang='lat' dir='ltr'><strong>statuae</strong></span> <span class='ocrx_word' id='word_1_309' title='bbox 523 2009 728 2050; x_wconf 89' lang='lat' dir='ltr'><strong>cuiusdam</strong></span> <span class='ocrx_word' id='word_1_310' title='bbox 757 2008 955 2049; x_wconf 87' lang='lat' dir='ltr'><strong>erectione</strong></span> <span class='ocrx_word' id='word_1_311' title='bbox 983 2006 1273 2058; x_wconf 83' lang='lat' dir='ltr'><strong>quodammodo</strong></span> <span class='ocrx_word' id='word_1_312' title='bbox 1310 2006 1540 2053; x_wconf 86' lang='lat' dir='ltr'><strong>cohaerere,</strong></span> <span class='ocrx_word' id='word_1_313' title='bbox 1575 2020 1678 2058; x_wconf 87' lang='lat' dir='ltr'><strong>quae</strong></span> <span class='ocrx_word' id='word_1_314' title='bbox 1706 2007 1749 2047; x_wconf 91' lang='lat' dir='ltr'><strong>in</strong></span> <span class='ocrx_word' id='word_1_315' title='bbox 1776 2008 1898 2049; x_wconf 88' lang='lat' dir='ltr'><strong>libro:</strong></span> <span class='ocrx_word' id='word_1_316' title='bbox 1936 2002 2262 2057; x_wconf 52' lang='lat' dir='ltr'><strong>„Kbawrchrmik”</strong></span> <span class='ocrx_word' id='word_1_317' title='bbox 2287 2011 2317 2059; x_wconf 93' lang='lat' dir='ltr'><strong>I,</strong></span> <span class='ocrx_word' id='word_1_318' title='bbox 2344 2015 2420 2053; x_wconf 87' lang='lat'><strong>431</strong></span> 
     </span>
     <span class='ocr_line' id='line_1_27' title="bbox 340 2071 2425 2125; baseline -0.001 -6"><span class='ocrx_word' id='word_1_319' title='bbox 340 2077 390 2119; x_wconf 88' lang='lat' dir='ltr'><strong>de</strong></span> <span class='ocrx_word' id='word_1_320' title='bbox 420 2076 605 2118; x_wconf 89' lang='lat' dir='ltr'><strong>columna</strong></span> <span class='ocrx_word' id='word_1_321' title='bbox 625 2074 870 2122; x_wconf 86' lang='lat' dir='ltr'><strong>referantur,</strong></span> <span class='ocrx_word' id='word_1_322' title='bbox 898 2086 1016 2125; x_wconf 88' lang='lat' dir='ltr'><strong>quam</strong></span> <span class='ocrx_word' id='word_1_323' title='bbox 1043 2071 1154 2112; x_wconf 88' lang='lat' dir='ltr'><strong>Titus</strong></span> <span class='ocrx_word' id='word_1_324' title='bbox 1182 2071 1466 2113; x_wconf 87' lang='lat' dir='ltr'><strong>exstruendam</strong></span> <span class='ocrx_word' id='word_1_325' title='bbox 1493 2072 1712 2119; x_wconf 80' lang='lat' dir='ltr'><strong>curaverit,</strong></span> <span class='ocrx_word' id='word_1_326' title='bbox 1754 2075 1798 2112; x_wconf 92' lang='lat' dir='ltr'><strong>ut</strong></span> <span class='ocrx_word' id='word_1_327' title='bbox 1821 2074 1981 2114; x_wconf 89' lang='lat' dir='ltr'><strong>nomina</strong></span> <span class='ocrx_word' id='word_1_328' title='bbox 2002 2073 2207 2115; x_wconf 87' lang='lat' dir='ltr'><strong>duodecim</strong></span> <span class='ocrx_word' id='word_1_329' title='bbox 2233 2077 2425 2117; x_wconf 92' lang='lat' dir='ltr'><strong>nobilium</strong></span> 
     </span>
     <span class='ocr_line' id='line_1_28' title="bbox 338 2136 2421 2191; baseline 0 -9"><span class='ocrx_word' id='word_1_330' title='bbox 338 2143 630 2187; x_wconf 86' lang='lat' dir='ltr'><strong>Romanorum,</strong></span> <span class='ocrx_word' id='word_1_331' title='bbox 659 2140 728 2191; x_wconf 90' lang='lat' dir='ltr'><strong>qui</strong></span> <span class='ocrx_word' id='word_1_332' title='bbox 753 2138 982 2179; x_wconf 88' lang='lat' dir='ltr'><strong>rebellionis</strong></span> <span class='ocrx_word' id='word_1_333' title='bbox 1009 2140 1128 2188; x_wconf 88' lang='lat' dir='ltr'><strong>atque</strong></span> <span class='ocrx_word' id='word_1_334' title='bbox 1156 2136 1391 2176; x_wconf 87' lang='lat' dir='ltr'><strong>insidiarum</strong></span> <span class='ocrx_word' id='word_1_335' title='bbox 1416 2137 1586 2176; x_wconf 85' lang='lat' dir='ltr'><strong>convicti</strong></span> <span class='ocrx_word' id='word_1_336' title='bbox 1614 2140 1655 2177; x_wconf 90' lang='lat' dir='ltr'><strong>et</strong></span> <span class='ocrx_word' id='word_1_337' title='bbox 1681 2137 1873 2187; x_wconf 87' lang='lat' dir='ltr'><strong>supplicio</strong></span> <span class='ocrx_word' id='word_1_338' title='bbox 1899 2138 2028 2179; x_wconf 86' lang='lat' dir='ltr'><strong>affecti</strong></span> <span class='ocrx_word' id='word_1_339' title='bbox 2056 2143 2203 2187; x_wconf 88' lang='lat' dir='ltr'><strong>essent,</strong></span> <span class='ocrx_word' id='word_1_340' title='bbox 2230 2140 2291 2180; x_wconf 88' lang='lat' dir='ltr'><strong>illi</strong></span> <span class='ocrx_word' id='word_1_341' title='bbox 2317 2142 2421 2182; x_wconf 89' lang='lat' dir='ltr'><strong>colu-</strong></span> 
     </span>
     <span class='ocr_line' id='line_1_29' title="bbox 339 2192 2427 2258; baseline 0 -10"><span class='ocrx_word' id='word_1_342' title='bbox 339 2221 458 2248; x_wconf 89' lang='lat' dir='ltr'><strong>mnae</strong></span> <span class='ocrx_word' id='word_1_343' title='bbox 477 2206 794 2247; x_wconf 84' lang='lat' dir='ltr'><strong>inscriberentur</strong></span> <span class='ocrx_word' id='word_1_344' title='bbox 809 2192 1023 2255; x_wconf 72' lang='lat' dir='ltr'><strong>eorumque</strong></span> <span class='ocrx_word' id='word_1_345' title='bbox 1041 2202 1251 2242; x_wconf 88' lang='lat' dir='ltr'><strong>simulacra</strong></span> <span class='ocrx_word' id='word_1_346' title='bbox 1266 2215 1357 2242; x_wconf 92' lang='lat' dir='ltr'><strong>cum</strong></span> <span class='ocrx_word' id='word_1_347' title='bbox 1370 2215 1440 2242; x_wconf 87' lang='lat' dir='ltr'><strong>sua</strong></span> <span class='ocrx_word' id='word_1_348' title='bbox 1456 2201 1586 2255; x_wconf 82' lang='lat' dir='ltr'><strong>effigie</strong></span> <span class='ocrx_word' id='word_1_349' title='bbox 1604 2203 1815 2243; x_wconf 89' lang='lat' dir='ltr'><strong>coniuncta</strong></span> <span class='ocrx_word' id='word_1_350' title='bbox 1829 2203 1939 2244; x_wconf 83' lang='lat' dir='ltr'><strong>iuxta</strong></span> <span class='ocrx_word' id='word_1_351' title='bbox 1956 2208 2223 2246; x_wconf 87' lang='lat' dir='ltr'><strong>statuerentur</strong></span> <span class='ocrx_word' id='word_1_352' title='bbox 2235 2207 2427 2258; x_wconf 90' lang='lat' dir='ltr'><strong>improbis</strong></span> 
     </span>
     <span class='ocr_line' id='line_1_30' title="bbox 339 2268 1137 2324; baseline -0.006 -9"><span class='ocrx_word' id='word_1_353' title='bbox 339 2273 619 2324; x_wconf 87' lang='lat' dir='ltr'><strong>seditiosisque</strong></span> <span class='ocrx_word' id='word_1_354' title='bbox 645 2269 874 2311; x_wconf 88' lang='lat' dir='ltr'><strong>hominibus</strong></span> <span class='ocrx_word' id='word_1_355' title='bbox 903 2268 1137 2319; x_wconf 85' lang='lat' dir='ltr'><strong>exemplum.</strong></span> 
     </span>
    </p>
   </div>
   <div class='ocr_carea' id='block_1_5' title="bbox 423 2342 2331 2442">
    <p class='ocr_par' dir='ltr' id='par_1_6' title="bbox 423 2342 2331 2442">
     <span class='ocr_line' id='line_1_31' title="bbox 423 2342 2331 2431; baseline -0.001 -47"><span class='ocrx_word' id='word_1_356' title='bbox 423 2348 549 2384; x_wconf 83' lang='lat' dir='ltr'>XVII.</span> <span class='ocrx_word' id='word_1_357' title='bbox 573 2345 761 2389; x_wconf 72' lang='lat' dir='ltr'><strong>Virgilius</strong></span> <span class='ocrx_word' id='word_1_358' title='bbox 789 2344 941 2388; x_wconf 73' lang='lat' dir='ltr'><strong>magica</strong></span> <span class='ocrx_word' id='word_1_359' title='bbox 962 2343 1143 2388; x_wconf 70' lang='lat' dir='ltr'><strong>quaedam</strong></span> <span class='ocrx_word' id='word_1_360' title='bbox 1167 2342 1334 2378; x_wconf 70' lang='lat' dir='ltr'><strong>artifici·</strong></span> <span class='ocrx_word' id='word_1_361' title='bbox 1356 2342 1572 2431; x_wconf 52' lang='lat' dir='ltr'><strong>clamarat,</strong></span> <span class='ocrx_word' id='word_1_362' title='bbox 1595 2342 1730 2386; x_wconf 78' lang='lat' dir='ltr'><strong>quibus</strong></span> <span class='ocrx_word' id='word_1_363' title='bbox 1753 2343 1989 2388; x_wconf 69' lang='lat' dir='ltr'><strong>periturorum</strong></span> <span class='ocrx_word' id='word_1_364' title='bbox 2013 2344 2050 2379; x_wconf 87' lang='lat' dir='ltr'><strong>et</strong></span> <span class='ocrx_word' id='word_1_365' title='bbox 2074 2344 2331 2387; x_wconf 76' lang='lat' dir='ltr'><strong>adulterorum</strong></span> 
     </span>
     <span class='ocr_line' id='line_1_32' title="bbox 1172 2399 1602 2442; baseline -0.002 -9"><span class='ocrx_word' id='word_1_366' title='bbox 1172 2400 1351 2442; x_wconf 68' lang='lat' dir='ltr'><strong>crimina,</strong></span> <span class='ocrx_word' id='word_1_367' title='bbox 1386 2399 1602 2440; x_wconf 67' lang='lat' dir='ltr'><strong>stagnatur.</strong></span> 
     </span>
    </p>
   </div>
   <div class='ocr_carea' id='block_1_6' title="bbox 336 2452 2424 2900">
    <p class='ocr_par' dir='ltr' id='par_1_7' title="bbox 336 2452 2424 2900">
     <span class='ocr_line' id='line_1_33' title="bbox 446 2452 2424 2506; baseline 0.002 -10"><span class='ocrx_word' id='word_1_368' title='bbox 446 2456 570 2496; x_wconf 88' lang='lat' dir='ltr'><strong>Vario</strong></span> <span class='ocrx_word' id='word_1_369' title='bbox 598 2457 715 2497; x_wconf 91' lang='lat' dir='ltr'><strong>modo</strong></span> <span class='ocrx_word' id='word_1_370' title='bbox 741 2456 791 2497; x_wconf 90' lang='lat' dir='ltr'><strong>de</strong></span> <span class='ocrx_word' id='word_1_371' title='bbox 820 2455 884 2495; x_wconf 90' lang='lat' dir='ltr'><strong>his</strong></span> <span class='ocrx_word' id='word_1_372' title='bbox 912 2453 1091 2494; x_wconf 88' lang='lat' dir='ltr'><strong>artificiis</strong></span> <span class='ocrx_word' id='word_1_373' title='bbox 1116 2453 1341 2495; x_wconf 89' lang='lat' dir='ltr'><strong>retulerunt</strong></span> <span class='ocrx_word' id='word_1_374' title='bbox 1367 2452 1612 2493; x_wconf 84' lang='lat' dir='ltr'><strong>fabulatores</strong></span> <span class='ocrx_word' id='word_1_375' title='bbox 1642 2452 1765 2493; x_wconf 90' lang='lat' dir='ltr'><strong>medii</strong></span> <span class='ocrx_word' id='word_1_376' title='bbox 1791 2454 1916 2506; x_wconf 84' lang='lat' dir='ltr'><strong>aevi*)</strong></span> <span class='ocrx_word' id='word_1_377' title='bbox 1935 2466 2057 2505; x_wconf 89' lang='lat' dir='ltr'><strong>eaque</strong></span> <span class='ocrx_word' id='word_1_378' title='bbox 2083 2456 2263 2496; x_wconf 83' lang='lat' dir='ltr'><strong>nonnulli</strong></span> <span class='ocrx_word' id='word_1_379' title='bbox 2290 2471 2424 2500; x_wconf 89' lang='lat' dir='ltr'><strong>errore</strong></span> 
     </span>
     <span class='ocr_line' id='line_1_34' title="bbox 336 2516 2424 2573; baseline 0 -9"><span class='ocrx_word' id='word_1_380' title='bbox 336 2522 391 2564; x_wconf 83' lang='lat' dir='ltr'><strong>ad</strong></span> <span class='ocrx_word' id='word_1_381' title='bbox 417 2521 558 2562; x_wconf 85' lang='lat' dir='ltr'><strong>urbem</strong></span> <span class='ocrx_word' id='word_1_382' title='bbox 585 2521 783 2573; x_wconf 87' lang='lat' dir='ltr'><strong>Neapolin</strong></span> <span class='ocrx_word' id='word_1_383' title='bbox 820 2520 1016 2567; x_wconf 86' lang='lat' dir='ltr'><strong>referunt,</strong></span> <span class='ocrx_word' id='word_1_384' title='bbox 1053 2533 1142 2560; x_wconf 90' lang='lat' dir='ltr'><strong>cum</strong></span> <span class='ocrx_word' id='word_1_385' title='bbox 1181 2520 1266 2560; x_wconf 90' lang='lat' dir='ltr'><strong>sine</strong></span> <span class='ocrx_word' id='word_1_386' title='bbox 1301 2518 1423 2559; x_wconf 91' lang='lat' dir='ltr'><strong>dubio</strong></span> <span class='ocrx_word' id='word_1_387' title='bbox 1451 2518 1600 2559; x_wconf 86' lang='lat' dir='ltr'><strong>Romae</strong></span> <span class='ocrx_word' id='word_1_388' title='bbox 1643 2516 1884 2557; x_wconf 89' lang='lat' dir='ltr'><strong>domicilium</strong></span> <span class='ocrx_word' id='word_1_389' title='bbox 1920 2518 2103 2562; x_wconf 89' lang='lat' dir='ltr'><strong>habeant.</strong></span> <span class='ocrx_word' id='word_1_390' title='bbox 2167 2520 2325 2562; x_wconf 88' lang='lat' dir='ltr'><strong>Etenim</strong></span> <span class='ocrx_word' id='word_1_391' title='bbox 2358 2523 2424 2564; x_wconf 89' lang='lat' dir='ltr'><strong>hic</strong></span> 
     </span>
     <span class='ocr_line' id='line_1_35' title="bbox 336 2582 2422 2640; baseline 0 -11"><span class='ocrx_word' id='word_1_392' title='bbox 336 2588 532 2640; x_wconf 83' lang='lat' dir='ltr'><strong>Virgilius</strong></span> <span class='ocrx_word' id='word_1_393' title='bbox 552 2587 807 2630; x_wconf 85' lang='lat' dir='ltr'><strong>simulacrum</strong></span> <span class='ocrx_word' id='word_1_394' title='bbox 835 2585 898 2626; x_wconf 90' lang='lat' dir='ltr'><strong>vel</strong></span> <span class='ocrx_word' id='word_1_395' title='bbox 926 2585 1053 2625; x_wconf 91' lang='lat' dir='ltr'><strong>solum</strong></span> <span class='ocrx_word' id='word_1_396' title='bbox 1080 2589 1188 2637; x_wconf 77' lang='lat' dir='ltr'><strong>caput</strong></span> <span class='ocrx_word' id='word_1_397' title='bbox 1215 2586 1401 2637; x_wconf 65' lang='lat' dir='ltr'><strong>lapideum</strong></span> <span class='ocrx_word' id='word_1_398' title='bbox 1430 2583 1643 2624; x_wconf 88' lang='lat' dir='ltr'><strong>confecisse</strong></span> <span class='ocrx_word' id='word_1_399' title='bbox 1671 2582 1888 2628; x_wconf 85' lang='lat' dir='ltr'><strong>ferebatur.</strong></span> <span class='ocrx_word' id='word_1_400' title='bbox 1928 2585 2038 2625; x_wconf 89' lang='lat' dir='ltr'><strong>cuius</strong></span> <span class='ocrx_word' id='word_1_401' title='bbox 2065 2586 2125 2625; x_wconf 88' lang='lat' dir='ltr'><strong>ori</strong></span> <span class='ocrx_word' id='word_1_402' title='bbox 2160 2599 2313 2635; x_wconf 85' lang='lat' dir='ltr'><strong>omnes,</strong></span> <span class='ocrx_word' id='word_1_403' title='bbox 2355 2589 2422 2640; x_wconf 88' lang='lat' dir='ltr'><strong>qui</strong></span> 
     </span>
     <span class='ocr_line' id='line_1_36' title="bbox 341 2647 2424 2705; baseline -0 -12"><span class='ocrx_word' id='word_1_404' title='bbox 341 2652 617 2693; x_wconf 84' lang='lat' dir='ltr'><strong>iusiurandum</strong></span> <span class='ocrx_word' id='word_1_405' title='bbox 645 2651 742 2691; x_wconf 86' lang='lat' dir='ltr'><strong>dare</strong></span> <span class='ocrx_word' id='word_1_406' title='bbox 768 2649 934 2696; x_wconf 89' lang='lat' dir='ltr'><strong>vellent,</strong></span> <span class='ocrx_word' id='word_1_407' title='bbox 960 2663 1120 2689; x_wconf 87' lang='lat' dir='ltr'><strong>manum</strong></span> <span class='ocrx_word' id='word_1_408' title='bbox 1149 2650 1353 2700; x_wconf 90' lang='lat' dir='ltr'><strong>imponere</strong></span> <span class='ocrx_word' id='word_1_409' title='bbox 1379 2648 1507 2688; x_wconf 87' lang='lat' dir='ltr'><strong>coacti</strong></span> <span class='ocrx_word' id='word_1_410' title='bbox 1534 2649 1688 2687; x_wconf 85' lang='lat' dir='ltr'><strong>essent:</strong></span> <span class='ocrx_word' id='word_1_411' title='bbox 1713 2647 1781 2697; x_wconf 92' lang='lat' dir='ltr'><strong>qui</strong></span> <span class='ocrx_word' id='word_1_412' title='bbox 1809 2660 1900 2687; x_wconf 89' lang='lat' dir='ltr'><strong>vero</strong></span> <span class='ocrx_word' id='word_1_413' title='bbox 1926 2649 2158 2699; x_wconf 78' lang='lat' dir='ltr'><strong>peierasset.</strong></span> <span class='ocrx_word' id='word_1_414' title='bbox 2185 2649 2278 2705; x_wconf 80' lang='lat' dir='ltr'><strong>huic</strong></span> <span class='ocrx_word' id='word_1_415' title='bbox 2304 2656 2424 2703; x_wconf 89' lang='lat' dir='ltr'><strong>caput</strong></span> 
     </span>
     <span class='ocr_line' id='line_1_37' title="bbox 339 2711 2422 2769; baseline 0.001 -11"><span class='ocrx_word' id='word_1_416' title='bbox 339 2717 543 2769; x_wconf 89' lang='lat' dir='ltr'><strong>lapideum</strong></span> <span class='ocrx_word' id='word_1_417' title='bbox 570 2730 733 2757; x_wconf 86' lang='lat' dir='ltr'><strong>manum</strong></span> <span class='ocrx_word' id='word_1_418' title='bbox 761 2714 959 2756; x_wconf 80' lang='lat' dir='ltr'><strong>mordicus</strong></span> <span class='ocrx_word' id='word_1_419' title='bbox 986 2713 1172 2766; x_wconf 76' lang='lat' dir='ltr'><strong>abripuit.</strong></span> <span class='ocrx_word' id='word_1_420' title='bbox 1227 2715 1422 2754; x_wconf 66' lang='lat' dir='ltr'><strong>Mirabilia</strong></span> <span class='ocrx_word' id='word_1_421' title='bbox 1448 2711 1619 2754; x_wconf 83' lang='lat' dir='ltr'><strong>habent:</strong></span> <span class='ocrx_word' id='word_1_422' title='bbox 1653 2711 1722 2759; x_wconf 93' lang='lat' dir='ltr'><strong>„In</strong></span> <span class='ocrx_word' id='word_1_423' title='bbox 1749 2713 1902 2762; x_wconf 87' lang='lat' dir='ltr'><strong>porticu</strong></span> <span class='ocrx_word' id='word_1_424' title='bbox 1928 2714 2117 2757; x_wconf 86' lang='lat' dir='ltr'><strong>ecclesiae</strong></span> <span class='ocrx_word' id='word_1_425' title='bbox 2154 2715 2245 2757; x_wconf 81' lang='lat' dir='ltr'><strong>Stae</strong></span> <span class='ocrx_word' id='word_1_426' title='bbox 2273 2718 2422 2761; x_wconf 81' lang='lat' dir='ltr'><strong>Mariae</strong></span> 
     </span>
     <span class='ocr_line' id='line_1_38' title="bbox 341 2771 2421 2833; baseline 0 -10"><span class='ocrx_word' id='word_1_427' title='bbox 341 2784 388 2823; x_wconf 91' lang='lat' dir='ltr'><strong>in</strong></span> <span class='ocrx_word' id='word_1_428' title='bbox 418 2782 629 2823; x_wconf 90' lang='lat' dir='ltr'><strong>Cosmedin</strong></span> <span class='ocrx_word' id='word_1_429' title='bbox 656 2785 718 2822; x_wconf 86' lang='lat' dir='ltr'><strong>est</strong></span> <span class='ocrx_word' id='word_1_430' title='bbox 753 2793 899 2833; x_wconf 85' lang='lat' dir='ltr'><strong>magna</strong></span> <span class='ocrx_word' id='word_1_431' title='bbox 933 2782 1022 2818; x_wconf 90' lang='lat' dir='ltr'><strong>rota</strong></span> <span class='ocrx_word' id='word_1_432' title='bbox 1061 2779 1221 2830; x_wconf 85' lang='lat' dir='ltr'><strong>lapidea</strong></span> <span class='ocrx_word' id='word_1_433' title='bbox 1256 2779 1308 2818; x_wconf 86' lang='lat' dir='ltr'><strong>ad</strong></span> <span class='ocrx_word' id='word_1_434' title='bbox 1347 2771 1475 2818; x_wconf 81' lang='lat' dir='ltr'><strong>inolae</strong></span> <span class='ocrx_word' id='word_1_435' title='bbox 1515 2776 1701 2823; x_wconf 80' lang='lat' dir='ltr'><strong>formam,</strong></span> <span class='ocrx_word' id='word_1_436' title='bbox 1739 2778 1802 2816; x_wconf 86' lang='lat' dir='ltr'><strong>cui</strong></span> <span class='ocrx_word' id='word_1_437' title='bbox 1833 2776 2026 2820; x_wconf 87' lang='lat' dir='ltr'><strong>foramina</strong></span> <span class='ocrx_word' id='word_1_438' title='bbox 2059 2781 2232 2833; x_wconf 89' lang='lat' dir='ltr'><strong>quinque</strong></span> <span class='ocrx_word' id='word_1_439' title='bbox 2263 2783 2421 2833; x_wconf 83' lang='lat' dir='ltr'><strong>adsunt,</strong></span> 
     </span>
     <span class='ocr_line' id='line_1_39' title="bbox 340 2842 2423 2900; baseline 0.001 -13"><span class='ocrx_word' id='word_1_440' title='bbox 340 2848 457 2900; x_wconf 88' lang='lat' dir='ltr'><strong>quasi</strong></span> <span class='ocrx_word' id='word_1_441' title='bbox 483 2847 583 2894; x_wconf 91' lang='lat' dir='ltr'><strong>oris,</strong></span> <span class='ocrx_word' id='word_1_442' title='bbox 617 2846 792 2893; x_wconf 88' lang='lat' dir='ltr'><strong>narium,</strong></span> <span class='ocrx_word' id='word_1_443' title='bbox 835 2848 876 2886; x_wconf 91' lang='lat' dir='ltr'><strong>et</strong></span> <span class='ocrx_word' id='word_1_444' title='bbox 903 2844 1106 2885; x_wconf 88' lang='lat' dir='ltr'><strong>oculorum</strong></span> <span class='ocrx_word' id='word_1_445' title='bbox 1134 2848 1175 2885; x_wconf 87' lang='lat' dir='ltr'><strong>et</strong></span> <span class='ocrx_word' id='word_1_446' title='bbox 1201 2848 1363 2884; x_wconf 87' lang='lat' dir='ltr'><strong>vocant:</strong></span> <span class='ocrx_word' id='word_1_447' title='bbox 1390 2846 1507 2883; x_wconf 80' lang='lat' dir='ltr'><strong>Bocca</strong></span> <span class='ocrx_word' id='word_1_448' title='bbox 1529 2842 1622 2880; x_wconf 80' lang='lat' dir='ltr'><strong>della</strong></span> <span class='ocrx_word' id='word_1_449' title='bbox 1637 2844 1786 2890; x_wconf 72' lang='lat' dir='ltr'><strong>&#39;vm‘td3</strong></span> <span class='ocrx_word' id='word_1_450' title='bbox 1812 2844 1935 2882; x_wconf 83' lang='lat' dir='ltr'><strong>totam</strong></span> <span class='ocrx_word' id='word_1_451' title='bbox 1962 2845 2167 2886; x_wconf 88' lang='lat' dir='ltr'><strong>ecclesiam</strong></span> <span class='ocrx_word' id='word_1_452' title='bbox 2194 2860 2240 2888; x_wconf 90' lang='lat' dir='ltr'><strong>eo</strong></span> <span class='ocrx_word' id='word_1_453' title='bbox 2266 2849 2423 2890; x_wconf 87' lang='lat' dir='ltr'><strong>nemine</strong></span> 
     </span>
    </p>
   </div>
   <div class='ocr_carea' id='block_1_7' title="bbox 339 2944 596 2950">
    <p class='ocr_par' dir='ltr' id='par_1_8' title="bbox 339 2944 596 2950">
     <span class='ocr_line' id='line_1_40' title="bbox 339 2944 596 2950; baseline 0 0"><span class='ocrx_word' id='word_1_454' title='bbox 339 2944 596 2950; x_wconf 95' lang='lat' dir='ltr'><strong> </strong></span> 
     </span>
    </p>
   </div>
   <div class='ocr_carea' id='block_1_8' title="bbox 333 2993 2419 3088">
    <p class='ocr_par' dir='ltr' id='par_1_9' title="bbox 333 2993 2419 3088">
     <span class='ocr_line' id='line_1_41' title="bbox 470 2993 2419 3043; baseline 0.005 -16"><span class='ocrx_word' id='word_1_455' title='bbox 470 2995 505 3037; x_wconf 83' lang='lat'><strong>¹⁸¹)</strong></span> <span class='ocrx_word' id='word_1_456' title='bbox 523 2993 572 3027; x_wconf 84' lang='lat' dir='ltr'><strong>Cf.</strong></span> <span class='ocrx_word' id='word_1_457' title='bbox 594 2993 661 3027; x_wconf 91' lang='lat' dir='ltr'><strong>Les</strong></span> <span class='ocrx_word' id='word_1_458' title='bbox 687 2994 764 3028; x_wconf 85' lang='lat' dir='ltr'><strong>faits</strong></span> <span class='ocrx_word' id='word_1_459' title='bbox 790 2995 1001 3029; x_wconf 87' lang='lat' dir='ltr'><strong>merveilleux</strong></span> <span class='ocrx_word' id='word_1_460' title='bbox 1025 2994 1067 3030; x_wconf 90' lang='lat' dir='ltr'><strong>de</strong></span> <span class='ocrx_word' id='word_1_461' title='bbox 1090 2995 1235 3038; x_wconf 80' lang='lat' dir='ltr'><strong>Virgile,</strong></span> <span class='ocrx_word' id='word_1_462' title='bbox 1263 2995 1316 3028; x_wconf 87' lang='lat' dir='ltr'><strong>fils</strong></span> <span class='ocrx_word' id='word_1_463' title='bbox 1339 2994 1418 3028; x_wconf 90' lang='lat' dir='ltr'><strong>d’un</strong></span> <span class='ocrx_word' id='word_1_464' title='bbox 1445 2993 1608 3027; x_wconf 81' lang='lat' dir='ltr'><strong>chevalier</strong></span> <span class='ocrx_word' id='word_1_465' title='bbox 1630 2993 1688 3029; x_wconf 87' lang='lat' dir='ltr'><strong>des</strong></span> <span class='ocrx_word' id='word_1_466' title='bbox 1714 2994 1896 3031; x_wconf 83' lang='lat' dir='ltr'><strong>Ardennes.</strong></span> <span class='ocrx_word' id='word_1_467' title='bbox 1919 3017 1956 3023; x_wconf 90' lang='lat'><strong>—</strong></span> <span class='ocrx_word' id='word_1_468' title='bbox 1982 2998 2201 3042; x_wconf 80' lang='lat' dir='ltr'><strong>Kurzweilige</strong></span> <span class='ocrx_word' id='word_1_469' title='bbox 2223 3000 2419 3043; x_wconf 74' lang='lat' dir='ltr'><strong>Gesprache.</strong></span> 
     </span>
     <span class='ocr_line' id='line_1_42' title="bbox 333 3046 1464 3088; baseline -0.002 -7"><span class='ocrx_word' id='word_1_470' title='bbox 333 3047 470 3081; x_wconf 69' lang='lat' dir='ltr'><strong>Francf.</strong></span> <span class='ocrx_word' id='word_1_471' title='bbox 493 3056 524 3079; x_wconf 86' lang='lat' dir='ltr'><strong>a.</strong></span> <span class='ocrx_word' id='word_1_472' title='bbox 546 3047 594 3079; x_wconf 79' lang='lat' dir='ltr'><strong>M.</strong></span> <span class='ocrx_word' id='word_1_473' title='bbox 617 3047 711 3080; x_wconf 83' lang='lat'><strong>1563.</strong></span> <span class='ocrx_word' id='word_1_474' title='bbox 732 3046 788 3079; x_wconf 86' lang='lat' dir='ltr'><strong>fol.</strong></span> <span class='ocrx_word' id='word_1_475' title='bbox 811 3065 849 3071; x_wconf 94' lang='lat'>—</span> <span class='ocrx_word' id='word_1_476' title='bbox 873 3048 1066 3082; x_wconf 75' lang='lat' dir='ltr'><strong>Massmann</strong></span> <span class='ocrx_word' id='word_1_477' title='bbox 1090 3049 1278 3082; x_wconf 83' lang='lat' dir='ltr'><strong>Kaiserchr.</strong></span> <span class='ocrx_word' id='word_1_478' title='bbox 1301 3049 1368 3088; x_wconf 85' lang='lat' dir='ltr'><strong>m,</strong></span> <span class='ocrx_word' id='word_1_479' title='bbox 1390 3047 1464 3079; x_wconf 82' lang='lat'>448.</span> 
     </span>
    </p>
   </div>
  </div>
 </body>
</html>
