2781 3609
330 437 470 468 omnes
497 430 642 481 gentes,
671 430 905 480 praesertim
931 430 982 472 ab
1010 431 1575 488 Indicispraestigiatoribus.
1595 436 1769 480 exercita
1784 442 1858 482 est.
1912 439 1998 482 lam
2025 441 2071 483 in
2087 445 2287 500 scriptura
2310 464 2427 495 sm

330 491 543 545 aliquoties
567 493 726 545 (Psalm.
754 496 814 542 58,
842 494 887 538 5:
906 498 943 539 6.
972 497 1112 540 Ierem.
1141 501 1177 548 8,
1206 504 1254 541 17
1282 504 1324 541 et
1346 500 1462 554 alibi)
1487 500 1537 542 de
1560 502 1634 543 hac
1659 516 1704 544 re
1729 516 1858 546 sermo
1885 508 1954 546 est.
2008 506 2143 549 Etiam
2168 514 2428 563 qmllmfig.

331 570 428 598 num
462 557 633 610 Philops.
669 562 715 599 12
752 558 973 603 Chaldaeus
1011 562 1176 616 quidam
1203 568 1248 606 et
1273 564 1444 605 naturali
1478 569 1520 606 et
1547 568 1702 620 magica
1733 570 1887 612 ratione
1920 571 2057 613 omnia
2089 574 2255 625 repulia
2274 593 2319 622 „0
2351 581 2426 624 ‹10-

330 635 422 662 mus
445 625 705 673 receptaculis
730 625 858 673 elicit,
887 639 1010 667 unum
1039 633 1265 680 serpentem
1287 633 1419 670 aetate
1443 634 1674 680 provectum
1707 645 1781 683 per
1806 634 2013 677 iuniorem
2052 637 2226 680 alterum
2260 647 2428 688 arcessit

330 700 378 727 ac
404 692 603 738 postremo
630 701 765 728 omnes
791 689 988 732 sufflando
1015 694 1060 733 in
1086 694 1239 734 cineres
1266 697 1492 735 commutat.

708 765 771 799 VI.
817 766 1005 809 Virgilius
1029 769 1359 812 Neapolitanorum
1381 769 1566 812 pisostum
1592 772 1740 813 maneo
1763 774 1866 817 pisce
1889 777 2059 820 expedit.

433 818 685 871 Quantopere
713 820 757 860 in
789 820 862 863 illa
898 822 999 865 urbe
1037 823 1118 864 iam
1148 828 1240 866 ante
1267 824 1439 866 Thomae
1462 824 1611 866 Anielli
1641 829 1824 879 tempora
1860 842 1925 871 res
1961 830 2187 882 piscatoria
2219 848 2246 876 a
2275 836 2429 880 civibus

328 889 515 938 quaestus
541 885 712 927 faciendi
739 888 872 939 gratia
900 891 1077 931 exercita
1101 891 1163 938 sit,
1192 904 1268 930 non
1297 893 1356 931 est
1382 890 1489 943 quod
1502 890 1621 931 latius
1638 905 1843 943 exponam.
1900 895 2040 948 Itaque
2065 897 2157 938 fieri
2176 911 2258 939 non
2283 903 2426 951 potuit,

325 950 424 1002 quin
451 951 573 993 etiam
600 951 675 991 hac
704 952 753 992 de
781 966 825 994 re
845 955 1004 1006 mythus
1027 954 1270 1007 virgilianus
1298 955 1600 1008 excogitaretur.
1664 959 1849 1000 Villanius
1887 960 1930 1000 in
1956 974 2040 1013 cap.
2071 964 2122 1003 25
2153 961 2255 1004 haec
2278 965 2425 1010 uadit:

326 1015 447 1063 „Cum
460 1016 635 1067 piscatus
657 1018 841 1066 civitatis,
864 1019 1012 1071 quippe
1030 1032 1150 1071 quam
1176 1022 1216 1060 et
1240 1019 1390 1060 divitiis
1417 1023 1459 1061 et
1484 1020 1613 1073 gloria
1637 1034 1859 1063 accrescere
1886 1023 2002 1065 valde
2029 1028 2200 1077 optaret,
2223 1041 2304 1070 non
2329 1031 2427 1072 satis

323 1081 551 1133 proficeret,
579 1086 746 1133 propter
771 1085 963 1125 minorem
993 1085 1112 1124 maris
1140 1085 1394 1126 altitudinem
1426 1086 1470 1125 in
1494 1086 1575 1126 illis
1614 1087 1797 1128 litoribus
1835 1092 1976 1139 poeta,
2003 1094 2050 1131 ut
2074 1091 2232 1132 lucrum
2268 1097 2423 1137 mariti·

323 1161 431 1187 mum
468 1148 634 1200 aug'eret
660 1149 879 1200 civiumque
925 1149 1129 1190 commodo
1166 1150 1372 1201 prodesset
1389 1182 1398 1198 ,
1436 1151 1611 1202 lapidem
1647 1153 1857 1203 apparavit
1882 1157 1923 1194 et
1954 1154 2133 1205 pisciculi
2171 1157 2346 1211 imagine
2381 1163 2420 1203 ei

324 1212 528 1264 insculpta
552 1213 597 1253 in
622 1214 692 1253 1110
719 1214 805 1254 1000
832 1214 976 1265 deponi
1005 1214 1136 1263 iussit,
1164 1216 1233 1267 qui
1270 1215 1467 1268 hodieque
1500 1229 1639 1257 saxum
1674 1217 1889 1270 lapideum·
1915 1219 1974 1266 (la
2009 1222 2117 1270 petra
2155 1222 2200 1261 de
2233 1224 2267 1262 lo
2289 1229 2424 1277 pecco)

321 1278 560 1329 appellatur.
624 1279 821 1326 Quamdiu
847 1293 940 1319 vero
973 1280 1039 1320 hic
1073 1280 1176 1331 lapis
1209 1281 1266 1321 ibi
1301 1282 1579 1332 permanebat,
1609 1295 1811 1334 nunquam
1845 1284 1999 1335 magnis
2030 1285 2211 1334 parvisve
2246 1288 2423 1338 piscibus

321 1344 426 1385 cives
462 1344 681 1386 carebantf‘
735 1343 833 1384 Cum
859 1344 935 1385 hoc
962 1345 1193 1396 piscationis
1219 1346 1448 1387 adiumento
1476 1347 1585 1388 aliud
1607 1347 1828 1398 comparari
1840 1351 1980 1398 potest,
2007 1350 2114 1401 quod
2140 1353 2249 1392 certe
2271 1351 2419 1394 abhinc

321 1409 475 1450 duobus
501 1409 641 1450 seculis
669 1422 694 1449 a
721 1408 1046 1451 Messanensibus
1073 1411 1338 1462 piscatoribus
1363 1412 1518 1465 magico
1544 1411 1715 1464 quodam
1741 1416 1936 1464 apparatu
1963 1427 1989 1454 a
2014 1413 2233 1456 maioribus
2265 1417 2416 1460 tradito·

319 1475 549 1516 adhibitum
577 1487 662 1514 esse
687 1474 821 1524 plures
850 1474 1083 1530 referunt.*)
1137 1476 1203 1515 Illi
1231 1477 1413 1526 inprimis
1440 1477 1606 1527 xiphian
1640 1490 1709 1517 seu
1747 1476 1924 1529 gladium
1958 1480 2084 1529 (pesce
2122 1482 2276 1531 spada),
2303 1484 2417 1524 cuius

317 1540 528 1581 venatione
557 1538 723 1580 mirifice
753 1539 1055 1588 delectarentur,
1084 1541 1158 1581 1100
1187 1541 1305 1582 1110ᾱο
1332 1541 1514 1582 allexisse
1541 1541 1736 1585 dicuntur.
1790 1541 1923 1583 Mense
1945 1540 2071 1590 Mai0,
2100 1557 2179 1595 quo
2205 1545 2274 1588 ille
2293 1548 2416 1599 piscis

316 1606 502 1659 frequens
539 1608 600 1646 est
634 1606 677 1644 in
703 1605 820 1646 litore
848 1605 993 1653 Siculo,
1032 1606 1100 1647 sed
1136 1606 1350 1647 admodum
1382 1607 1549 1658 pavidus
1584 1612 1624 1648 et
1651 1612 1837 1660 capturae
1875 1606 2088 1660 effugiens,
2126 1602 2309 1653 condicta
2341 1614 2415 1656 die

317 1686 471 1713 summo
498 1685 614 1712 mane
639 1671 789 1723 cymbis
816 1672 915 1712 certi
940 1672 1095 1723 generis
1122 1675 1163 1713 et
1190 1673 1344 1713 fuscina
1376 1673 1562 1713 instructi
1585 1673 1743 1713 -sretum
1771 1671 1947 1712 Siculum
1974 1674 2030 1719 (il
2056 1674 2179 1725 Fam)
2212 1675 2410 1728 ingredie-

229 1774 237 1783 ,
315 1737 474 1779 bantur.
528 1737 632 1777 Loco
659 1736 856 1777 destinato
884 1751 984 1777 unus
1011 1739 1275 1788 piscatorum,
1302 1738 1408 1778 inter
1436 1741 1587 1779 ceteros
1613 1737 1779 1792 peritior
1815 1740 1857 1777 et
1889 1736 2111 1786 robustior,
2138 1739 2311 1782 tridente
2335 1755 2411 1793 per

314 1803 450 1843 funem
475 1801 749 1855 longissimum
775 1801 826 1841 ad
852 1803 1061 1843 brachium
1082 1803 1244 1855 alligato
1264 1806 1458 1850 armatus,
1489 1816 1649 1854 proram
1675 1802 1839 1854 cymbae
1870 1801 2111 1852 occupabat,
2149 1803 2253 1845 alter
2277 1806 2411 1847 verbis

312 1867 552 1920 quibusdam
574 1858 840 1919 singularibus
868 1872 908 1908 et
935 1869 986 1909 ad
1014 1868 1323 1909 incantationem
1350 1868 1504 1908 idoneis
1516 1868 1663 1918 piscem
1693 1867 1840 1907 alicubi
1863 1866 2060 1907 latentem
2079 1867 2285 1912 invitabat.
2300 1856 2411 1913 ‘Mox

311 1934 470 1985 xiphias
504 1930 706 1973 cantilena
739 1934 924 1973 nimirum
961 1934 1177 1974 delectatus
1214 1947 1234 1973 e
1263 1933 1429 1973 latebris
1449 1933 1529 1972 suis
1547 1945 1808 1983 prorumpens
1828 1944 1875 1971 ac
1892 1934 2146 1981 praesentem
2174 1946 2215 1974 se
2240 1935 2405 1995 sistens,

312 2012 392 2039 non
420 1999 590 2039 muitum
614 1998 721 2051 infra
741 2011 938 2038 summum
961 2012 1070 2040 mare
1096 1998 1311 2038 immobilis
1336 1998 1539 2045 haerebat,
1568 1997 1691 2039 donec
1718 1997 1873 2038 fuscina
1899 1996 2314 2039 transverberabatur.

407 2074 493 2109 VII.
544 2074 731 2117 Virgilius
752 2083 820 2118 per
841 2083 974 2117 equum
997 2085 1147 2110 aereum
1171 2076 1412 2110 vernaculum
1438 2084 1616 2118 equorum
1641 2073 1975 2117 Neapolitanorum
2002 2073 2171 2108 nior-bun
2189 2075 2315 2110 smt.

353 2142 356 2148 ·
401 2129 505 2169 {am
529 2141 552 2168 e
579 2130 737 2168 conradi
760 2129 951 2169 relatione
978 2130 1117 2170 eadem
1145 2143 1209 2170 res
1233 2143 1354 2180 supra
1382 2143 1419 2180 p.
1449 2135 1471 2170 5
1493 2130 1696 2180 proposita
1712 2132 1792 2175 est,
1817 2140 1899 2178 qua
1922 2126 2127 2175 docemur,
2162 2129 2405 2178 peculiarem

310 2194 513 2247 quandam
537 2194 850 2234 imbecillitatem
879 2194 1062 2243 effecisse,
1087 2199 1132 2235 ut
1160 2196 1292 2235 nullus
1319 2199 1405 2234 tum
1434 2208 1556 2246 equus
1583 2195 1667 2235 sine
1689 2193 1796 2233 dorsi
1813 2192 1992 2232 fractura
2013 2194 2188 2244 equitem
2209 2195 2406 2247 aliquam-

309 2262 380 2302 diu
414 2261 560 2301 vehere
594 2262 738 2309 posset.
776 2258 967 2300 -Caeteris
1007 2260 1315 2313 mythographia
1347 2260 1423 2301 hac
1458 2260 1507 2301 de
1545 2274 1589 2301 re
1628 2257 1853 2300 tacentibus
1888 2258 2076 2302 Villanius
2111 2272 2196 2311 cap.
2230 2255 2284 2301 ’20
2317 2273 2408 2301 rem

308 2325 534 2366 accuratius
552 2322 760 2362 describit:
787 2322 919 2371 „Idem
946 2337 1091 2376 equum
1111 2324 1355 2365 metallicum
1383 2324 1454 2364 sub
1477 2324 1650 2377 quadam
1676 2322 1852 2363 siderum
1878 2321 2157 2364 coniunctione
2182 2323 2408 2365 cudendum

307 2392 482 2439 curavit,
512 2390 625 2430 cuius
651 2389 732 2428 iam
759 2389 970 2439 adspectus
996 2391 1057 2430 illi
1095 2391 1320 2431 infirmitati
1359 2390 1597 2431 mederetur.
1662 2387 1761 2427 Cum
1796 2398 1888 2427 vero
1915 2386 2027 2426 urbis
2052 2387 2282 2428 veterinarii
2309 2387 2403 2427 Vir—

306 2457 403 2511 gilio
429 2456 713 2501 irascerentur,
751 2453 855 2505 quod
881 2454 1034 2496 nullum
1057 2455 1228 2507 amplius
1254 2455 1410 2496 lucrum
1436 2469 1486 2497 ex
1512 2455 1624 2507 equis
1650 2451 1838 2494 sanandis
1863 2452 1961 2503 ipsis
2003 2452 2264 2503 redundaret,
2288 2458 2407 2496 nocte

307 2523 511 2577 quondam
537 2520 645 2561 illius
674 2519 764 2571 equi
792 2520 946 2561 alveum
973 2521 1285 2572 perforaverunt.
1342 2520 1440 2561 Cum
1467 2533 1562 2561 vero
1600 2517 1743 2560 exinde
1770 2517 1966 2570 magicum
1995 2517 2109 2558 illum
2133 2531 2280 2571 equum
2313 2519 2398 2571 pri·

307 2591 412 2630 stina
435 2589 495 2628 vis
523 2585 731 2633 deficeret,
763 2585 847 2625 eius
872 2599 1024 2627 massae
1051 2599 1145 2637 pars
1178 2588 1344 2637 posthac
1381 2587 1433 2629 ad
1469 2587 1666 2629 maximae
1705 2585 1892 2626 ecclesiae
1930 2597 2146 2636 campanas
2178 2583 2404 2627 fundendas

308 2653 491 2697 adhibita
517 2654 586 2693 est
641 2650 758 2690 Anno
790 2652 891 2692 1322
917 2650 985 2692 ille
1019 2664 1143 2704 equus
1178 2652 1222 2692 in
1260 2667 1373 2702 area,
1399 2664 1502 2706 quae
1528 2649 1737 2693 ecclesiam
1772 2648 1912 2702 cingit,
1948 2649 2147 2701 repositus
2183 2651 2245 2691 est
2276 2651 2399 2703 atque

304 2720 482 2767 credunt,
510 2730 695 2767 campum
702 2715 935 2766 Capuanum
955 2719 1015 2760 (la
1025 2719 1165 2757 Piazza
1185 2720 1434 2770 deGapuana)
1449 2716 1606 2768 insigne
1622 2726 1737 2754 suum
1758 2713 1809 2753 ab
1836 2726 1883 2753 eo
1906 2715 2069 2752 nactum
2086 2726 2182 2761 esse,
2208 2714 2400 2754 nimirum

305 2798 452 2838 equum
486 2783 573 2824 auri
610 2781 740 2822 colore
777 2780 1027 2832 superfusum
1064 2781 1175 2823 nullo
1213 2781 1325 2823 freno
1362 2781 1522 2822 iniecto.
1602 2777 1865 2826 Quamobrem
1902 2776 2177 2819 serenissimus
2206 2777 2399 2829 princeps

306 2849 470 2892 Carolus
497 2847 537 2896 Ι,
564 2846 704 2887 urbem
743 2845 972 2899 ingrediens
1008 2847 1192 2901 illiusque
1231 2846 1362 2898 campi
1389 2845 1545 2899 signum
1568 2842 1786 2884 admiratus
1820 2855 1866 2884 ac
1893 2841 2064 2884 fortasse
2091 2843 2285 2891 offensus,
2325 2842 2403 2884 hos

301 2928 440 2958 versus
465 2912 635 2963 insculpi
660 2912 795 2952 iussit:

407 3052 447 3094 ‘)
471 3050 519 3085 Cf.
544 3050 583 3085 G.
608 3049 723 3084 Schott
744 3049 856 3092 Magia
878 3048 1072 3083 universalis
1095 3047 1139 3089 11,
1165 3048 1241 3082 213.
