2781 3609
2028 252 2066 296 ι

349 317 404 356 40

348 420 505 482 aerium
527 419 658 481 facere
676 418 790 480 ‘apud
827 432 894 460 ma
924 432 969 481 ‚⁰⁸
1005 420 1169 475 vulgare
1201 426 1307 472 erat,
1333 422 1376 464 id
1437 423 1517 466 uod
1543 424 1595 467 de
1620 425 1880 478 Triptolemo,
1902 417 2060 477 rieden,
2100 429 2255 481 Abara-
2276 432 2446 477 Mum

347 476 473 514 etum
497 473 548 514 de
573 472 742 524 Vlrglho
768 471 853 512 Nea
961 472 1269 526 fabulabantur3
1293 477 1391 529 quin
1453 479 1683 520 ermotimus
1706 492 1734 520 a
1787 478 1815 520 d
1841 480 2060 522 Lueianum
2088 483 2327 527 etAristens
2349 470 2447 527 eor-x

347 538 447 577 pore
474 526 614 567 rehcto
650 484 905 566 mmmmm&
930 526 1057 588 animi
1092 527 1276 589 yehiculo
1312 530 1457 571 itinera
1488 530 1677 574 fecerunt.
1787 532 1796 541 ‘
1890 532 2148 582 Heliodorus,
2183 548 2276 577 cum
2308 538 2354 579 in
2385 528 2447 580 eo

348 583 471 627 esset,
499 583 554 640 ut·
571 581 798 639 caperetur,
826 591 927 620 nave
966 580 1145 622 mirabih
1176 595 1198 622 e
1235 582 1356 635 virgis
1390 583 1538 624 laureis
1568 588 1793 631 constructa
1822 598 1897 637 per
1930 588 2027 627 aera
2058 599 2138 627 uno
2176 586 2245 629 die
2267 587 2438 633 Catenis

350 631 723 683 Constantinopolin
746 634 879 673 vectus
908 646 993 674 esse
1021 633 1270 678 credebatur.
2250 653 2268 689 ,ς

699 699 788 733 XX.
835 698 993 741 Virgini
1014 709 1117 735 nors
1134 696 1272 734 'fumun
1290 699 1521 742 loquacitate
1542 701 1582 734 et
1601 700 1825 734 curiositate
1846 701 2076 737 nat-ratur.

454 743 551 785 Cum
580 744 832 795 Aliprandus,
861 747 906 783 ut
933 756 1055 794 supra
1081 742 1319 790 monuimus,
1360 755 1545 792 narrans,
1572 742 1783 796 Virgilium
1806 744 1939 785 subito
1963 746 2102 789 morbo
2129 759 2179 787 ex
2205 745 2299 787 solis
2325 745 2431 789 Nea·

341 796 515 849 politani
541 796 684 838 ardore
712 799 917 836 contracto
935 796 1150 837 Brundusii
1177 795 1335 842 obiisse,
1362 798 1469 835 certe
1496 795 1786 847 quodammodo
1812 809 1903 837 cum
1929 798 2119 839 historica
2141 800 2310 845 veritate
2335 812 2429 840 con-

346 853 483 903 gruat,
503 850 625 892 ceteri
647 853 781 890 autem
801 849 1018 900 scriptores
1032 863 1153 902 supra
1166 848 1317 889 laudati
1330 847 1380 889 de
1394 848 1478 889 eius
1492 849 1682 890 extremis
1700 848 1802 890 nibil
1814 862 1976 902 prorsus
1987 849 2170 900 offerant.
2188 852 2430 893 Βοηιωσπεὺ

336 904 480 955 fabula,
494 918 595 956 quae
610 903 771 944 uberius
787 906 1062 954 portentosam
1079 903 1185 955 magi
1197 902 1318 942 vitam
1332 901 1526 952 exposuit,
1537 902 1659 943 etiam
1671 902 1722 943 de
1735 907 1865 945 morte
1877 905 1962 945 eius
1976 905 2175 946 mirabilia
2183 905 2430 958 traditquae

348 958 441 997 huic
468 957 693 1015 collectioni
720 969 899 996 asserere
930 970 1010 997 non
1037 956 1193 1001 dubito,
1219 954 1396 1006 quamvis
1417 953 1466 994 de
1485 954 1669 995 Merlinio
1696 968 1853 1008 quoque
1879 960 1921 997 et
1946 958 2152 999 Paracelso
2178 958 2260 999 fere
2287 958 2430 999 eadem

344 1010 580 1053 referantur.
635 1009 790 1051 Fabula
816 1022 911 1051 vero
939 1009 1037 1051 haec
1064 1012 1133 1050 est.
1189 1007 1245 1048 Ut
1270 1006 1412 1049 Medea
1436 1007 1531 1048 olim
1558 1009 1703 1050 Aesoni
1731 1008 1882 1050 Iasonis
1909 1011 2034 1062 patri,
2061 1011 2120 1051 ita
2130 1010 2322 1064 Virgilius
2347 1011 2430 1052 iam

342 1068 475 1105 aetate
502 1067 712 1116 provectus
738 1063 816 1103 sibi
843 1063 927 1114 ipse
952 1062 1162 1103 iuvenilem
1188 1061 1361 1100 indolem
1394 1060 1563 1102 reddere
1601 1062 1767 1103 volebat.
1840 1063 1981 1115 Itaque
2018 1064 2157 1105 furtim
2192 1078 2283 1105 cum
2318 1064 2429 1105 fideli

342 1117 517 1170 quodam
543 1129 656 1158 servo
682 1117 724 1156 in
750 1129 884 1157 arcem
910 1128 952 1156 se
979 1115 1160 1162 contulit,
1224 1127 1315 1154 uam
1342 1117 1457 1155 extra
1483 1114 1650 1155 Romam
1676 1114 1925 1157 aedificatam
1951 1130 2056 1170 aqua
2075 1118 2119 1158 in
2146 1117 2317 1158 circuitu
2343 1118 2427 1158 cin-

341 1176 456 1211 xerat
481 1175 523 1211 et
546 1172 711 1220 insuper
740 1168 875 1208 XXIV
904 1168 1042 1208 ferreis
1068 1168 1163 1207 viris
1217 1166 1445 1214 esendebat,
1486 1167 1555 1219 qui
1585 1168 1772 1208 nimirum
1797 1170 1953 1222 magica
1978 1174 2065 1211 arte
2092 1170 2308 1211 constructi
2333 1183 2424 1210 con—

340 1224 455 1264 tinuo
483 1223 625 1264 ferreis
650 1222 818 1274 flagellis
841 1234 881 1260 se
907 1222 1073 1261 invicem
1098 1224 1297 1271 peterent,
1335 1223 1380 1259 ut
1416 1233 1531 1260 nemo
1571 1220 1677 1261 inter
1704 1234 1771 1261 eos
1798 1223 2105 1268 arcemjntrare
2133 1227 2276 1273 posset.
2350 1223 2428 1263 Hic

332 1280 556 1329 postquam
583 1288 740 1316 servum
767 1273 940 1322 edocuit,
979 1287 1057 1325 qua
1092 1273 1245 1313 ratione
1280 1272 1500 1324 quibusque
1536 1273 1702 1313 canticis
1734 1273 1805 1315 illa
1831 1274 2004 1315 virorum
2032 1276 2216 1316 machina
2250 1278 2429 1316 actutum

341 1330 538 1382 supprimi
558 1343 604 1370 ac
622 1328 753 1369 sedari
770 1331 911 1379 posset,
926 1327 975 1367 ab
992 1340 1039 1368 eo
1059 1326 1248 1378 poposcit„
1263 1334 1307 1366 ut
1324 1339 1365 1366 se
1390 1326 1519 1376 ipsum
1539 1330 1708 1376 necaret,
1728 1332 1847 1379 atque
1861 1341 1996 1369 omnes
2013 1328 2075 1368 sui
2092 1329 2269 1380 corporis
2288 1331 2425 1380 partes

313 1384 385 1423 ‘in
412 1384 578 1423 minima
611 1382 738 1421 frusta
772 1381 961 1420 dissectas
999 1384 1038 1420 et
1075 1380 1157 1420 sale
1194 1380 1294 1419 bene
1332 1379 1509 1419 conditas
1544 1380 1586 1418 in
1624 1380 1730 1420 dolio
1762 1380 1950 1422 conderet
1986 1385 2028 1422 et
2063 1394 2135 1432 per
2160 1395 2301 1422 novem
2339 1382 2426 1423 dies

340 1436 514 1477 intactas
540 1435 802 1487 relinqueret:
844 1437 934 1484 post
960 1433 1032 1473 hoc
1059 1433 1230 1484 spatium
1254 1444 1295 1472 se
1323 1431 1452 1472 denuo
1477 1432 1659 1472 iuvenem
1686 1437 1999 1474 resurrecturum
2034 1447 2130 1475 esse.
2199 1435 2286 1483 Quo
2319 1435 2426 1475 facto

339 1486 1323 1591 {1221‘011‘12‘3‘‘ssffleissss5350‘35033‘322‘3?
1355 1484 2219 1582 ³31332ffi3u3122825⁸³f20mffl⁸⁸⁶232220m
2252 1488 2423 1582 ”mim

341 1596 416 1637 Ille
456 1608 550 1637 vero
584 1595 714 1646 primo
748 1572 1030 1634 confessionem
1064 1570 1332 1643 pertinaciter,
1359 1591 1584 1631 detrectans
1610 1572 1790 1645 denique,
1814 1594 1934 1633 minis
1972 1593 2150 1633 Caesaris
2186 1553 2422 1645 {333⁸ss

340 1650 476 1691 omnia
500 1649 654 1689 detexit
678 1661 846 1699 eumque
873 1646 925 1687 ad
951 1660 1081 1686 arcem
1110 1645 1261 1686 domini
1285 1644 1459 1685 adduxit„
1526 1644 1606 1686 Ubi
1633 1659 1722 1687 cnm
1750 1660 1794 1688 re
1821 1660 1916 1689 vera
1941 1647 2092 1688 dolium
2119 1648 2425 1699 conspexissent,

339 1716 475 1745 servus
495 1702 546 1744 ab
565 1703 804 1753 imperatore
819 1701 946 1751 primo
961 1700 1045 1740 irae
1066 1699 1219 1751 impetu
1237 1698 1387 1738 occisus
1405 1702 1482 1746 est,
1501 1699 1569 1751 qui
1592 1711 1727 1740 morae
1747 1701 1958 1751 impatiens
1979 1701 2086 1740 illico
2100 1700 2250 1741 dolium
2265 1700 2426 1754 effringi

338 1757 476 1818 iussit,
501 1769 579 1808 quo
607 1755 712 1795 sacto
739 1754 888 1814 nudum
915 1753 1122 1828 puerulum
1149 1757 1212 1792 ter
1231 1753 1336 1812 circa
1352 1751 1453 1846 ilffid
1469 1751 1736 1812 trepidantem
1756 1754 1973 1804 conspicati
1993 1758 2099 1801 sunt,
2127 1755 2196 1805 qui
2215 1755 2429 1802 „malum1“

337 1807 1019 1909 'massi²33⁰h33¹²÷3331sa
1038 1805 1374 1911 qv¹¹1¹rbg¹liiod¹f1⁵ih⁸m⁶
1382 1809 1610 1908 .ιέῗὲιέἒὲ
1630 1819 1811 1911 313‘23325'
1835 1812 2207 1909 gazum&
2245 1806 2432 1912 ῗὲἒωθῗ

336 1876 507 1958 flantalo
533 1919 647 1967 patre
674 1914 849 1955 favorem
873 1912 1037 1953 deorum
1065 1916 1277 1964 experturo
1303 1910 1515 1953 dissectum
1541 1911 1672 1963 iisque
1710 1912 1753 1953 in
1779 1912 1957 1954 convivio
1981 1913 2223 1965 appositum,
2265 1914 2432 1965 posthac

339 1969 528 2011 Mercurii
554 1972 641 2008 arte
667 1968 710 2007 in
733 1968 857 2013 ,vitam
883 1970 1110 2006 revocatum
1133 1978 1216 2005 esse
1244 1969 1398 2004 veteres
1424 1964 1653 2006 credebant.
2445 1998 2450 2003 .

448 2022 526 2064 Sed
541 2022 640 2062 haec
654 2020 857 2061 hactenus,
886 2019 994 2068 Quae
1009 2022 1168 2070 praeter
1192 2017 1262 2057 illa
1283 2018 1404 2058 etiam
1426 2017 1674 2058 mirabiliora
1686 2022 1727 2058 et
1742 2018 1824 2058 fere
1838 2018 1889 2059 ab
1904 2019 2011 2059 omni
2025 2023 2250 2070 temporum
2262 2032 2310 2059 ac
2323 2018 2428 2060 loco-

341 2089 430 2116 rum
456 2089 551 2116 vera
577 2076 731 2114 ratione
758 2086 920 2124 prorsus
959 2072 1218 2112 abhorrentia
1241 2070 1334 2110 inde
1359 2084 1384 2110 a
1412 2070 1544 2110 seculo
1574 2070 1648 2111 XV
1675 2072 1717 2111 in
1744 2071 1965 2113 fabularum
1992 2073 2289 2114 collectionibus
2314 2073 2430 2113 luxu—

342 2129 473 2169 riante
501 2132 542 2169 et
558 2127 762 2181 'effrenata
789 2125 994 2165 fictionum
1018 2124 1181 2164 licentia
1207 2122 1346 2164 addita
1371 2124 1520 2175 sunt*)‚
1549 2124 1768 2165 omittenda
1793 2137 1877 2165 esse
1905 2125 2061 2176 putavi,
2083 2131 2210 2177 'quum
2236 2128 2278 2167 et
2303 2126 2429 2167 iustos

339 2182 458 2222 huius
494 2180 622 2221 libelli
654 2179 753 2219 fines
788 2178 977 2218 excedere
1012 2182 1053 2217 et
1088 2190 1114 2216 a
1149 2176 1280 2227 prisca
1308 2175 1481 2216 Maronis
1515 2175 1708 2228 dignitate
1743 2178 1863 2218 nimis
1898 2179 2029 2219 aliena
2064 2192 2149 2220 esse
2185 2178 2429 2221 viderentur.

339 2235 456 2275 Pium
472 2247 566 2275 vero
580 2233 858 2279 Mantuanum,
887 2231 1020 2271 nescio
1036 2234 1171 2270 utrum
1199 2229 1355 2280 poetico
1382 2243 1434 2269 an
1462 2230 1612 2281 magico
1637 2230 1810 2279 consilio,
1836 2231 1957 2272 etiam
1983 2235 2119 2273 nostra
2137 2230 2269 2272 adhuc
2293 2235 2428 2274 aetate

289 2295 298 2305 ‘
336 2288 458 2329 rebus
493 2286 749 2328 terrestribus
784 2284 919 2336 aliquo
957 2283 1074 2323 modo
1112 2281 1359 2323 intercedere
1391 2282 1484 2322 inde
1518 2287 1702 2334 apparet,
1737 2284 1844 2336 quod
1878 2298 2006 2336 nuper
2041 2285 2084 2324 in
2118 2285 2221 2325 miro
2253 2285 2429 2337 quodam

338 2342 517 2391 1ibro**),
546 2340 691 2381 multas
720 2353 742 2380 e
768 2337 930 2378 coelesti
956 2337 1168 2388 spitituum
1194 2348 1316 2395 regno
1342 2335 1454 2375 datas
1477 2336 1662 2386 epistolas
1689 2338 1932 2386 continente,
1962 2337 2121 2391 Virgilii
2152 2349 2310 2391 quoque
2348 2351 2430 2380 una

344 2394 514 2447 epistola
540 2393 745 2445 publicata
773 2396 853 2438 est,
877 2394 926 2436 ut
950 2388 1191 2441 sperandum
1219 2392 1290 2436 sit,
1325 2389 1395 2429 illa
1421 2393 1575 2430 vetusta
1601 2391 1802 2432 mirabilia
1826 2391 2038 2443 interpreti
2061 2391 2179 2432 hodie
2215 2391 2432 2433 maximam

342 2453 500 2501 partem
524 2444 821 2488 inextricabilia
849 2442 1063 2496 aliquando
1091 2455 1117 2482 a
1143 2454 1258 2495 mago
1285 2442 1370 2494 ipso
1396 2441 1448 2483 ad
1473 2442 1666 2495 liquidum
1692 2444 1926 2495 perductum
1952 2445 2014 2486 iri.

475 2536 510 2579 ¹⁸)
534 2535 756 2570 Novissimum
779 2535 924 2569 facetum
948 2544 990 2569 ue
1012 2533 1113 2567 huius
1136 2533 1266 2575 generis
1289 2531 1454 2574 specimen
1475 2534 1528 2564 est
1548 2529 1654 2571 liber,
1681 2540 1779 2572 quem
1801 2530 1996 2573 conscripsit
2026 2532 2174 2564 Wflibald
2194 2531 2322 2562 Αἰαίη
2351 2529 2441 2570 „der

335 2581 514 2614 Zauberer
540 2580 716 2622 Virgilius,
744 2580 798 2613 ein
820 2579 857 2612 M
963 2588 1005 2612 en
1026 2587 1088 2610 aus
1110 2575 1171 2610 der
1193 2576 1423 2618 Gegenwart.“
1449 2574 1541 2608 1851.

455 2624 508 2664 **)
538 2623 766 2656 Guldemtubbe
789 2620 1062 2663 Pneumatologie
1085 2623 1147 2653 etc.
1170 2619 1264 2651 Paris
1288 2618 1379 2651 1858.

1132 2792 1162 2833 C
1179 2793 1212 2833 O
1233 2793 1270 2833 R
1286 2793 1322 2832 R
1339 2793 1358 2832 I
1375 2793 1410 2833 G
1429 2792 1463 2832 E
1482 2791 1521 2832 N
1539 2792 1575 2832 D
1594 2792 1649 2832 A:

946 2860 1026 2902 Pag.
1048 2860 1088 2899 3,
1110 2858 1167 2892 lin.
1192 2857 1250 2891 18:
1277 2859 1339 2898 ad,
1361 2866 1422 2899 pro
1445 2870 1494 2891 nc.

941 2903 1023 2945 Pag.
1044 2904 1085 2942 3,
1107 2901 1163 2934 lin.
1185 2901 1246 2935 30:
1270 2901 1522 2939 memorabilis-u,
1545 2908 1606 2941 pro
1627 2901 1849 2930 moralibus.

942 2946 1024 2987 Png.
1046 2945 1086 2986 5,
1109 2944 1164 2977 lin.
1188 2945 1246 2977 16:
1269 2945 1442 2983 orificium,
1464 2952 1526 2985 pro
1547 2943 1720 2983 opificium.

943 2988 1025 3031 Pag.
1044 2988 1085 3027 6,
1108 2987 1164 3021 lin.
1192 2988 1251 3021 32:
1273 2988 1460 3025 occulorum,
1482 2994 1544 3027 pro
1566 2987 1743 3018 eeculoran.

1278 3064 1481 3080 ⁷*-
