2781 3609
2388 364 2445 420 ’3-1

371 489 545 535 tanus,
561 485 633 539 qui
647 498 753 528 anno
770 486 850 528 980
868 483 1043 542 scripsit,
1063 482 1190 529 refert
1206 493 1293 533 cap.
1317 483 1415 523 1332
1440 480 1658 529 „Romanos
1676 483 1929 537 septuaginta
1945 486 2097 525 statuas
2112 483 2209 524 olim
2223 485 2267 526 in
2280 487 2458 539 Capitolio

373 553 426 594 iu
446 552 640 595 honorem
671 552 847 594 ominum
881 550 1060 605 gotium
1091 560 1360 600 eunucu-asse,
1397 559 1499 600 quae
1537 546 1686 597 scripta
1710 548 1870 588 nomina
1895 548 1940 588 in
1971 552 2133 600 pectore
2162 550 2310 601 gentis,
2344 551 2455 593 cuim

376 616 596 670 Quem
612 615 818 665 tenebant,
840 619 1045 669 ment
1060 618 1104 657 et
1119 612 1435 656 tintinnabulum
1452 611 1757 662 uniuscuiusque
1773 616 1925 654 statuae
1944 614 2146 656 statuissez
2175 610 2283 657 diem
2298 620 2455 657 noctem

378 681 604 725 sacerdotes
627 681 712 723 illic
735 680 926 734 deinceps
948 692 1092 722 munus
1118 677 1376 722 excubiarum
1404 679 1560 738 obiisse.
1630 676 1673 719 Si
1698 677 1821 732 igitur
1855 680 1989 734 aliqua
2021 682 2227 734 provincia
2251 683 2456 726 defectura

376 749 481 787 eust
502 745 557 787 ab
580 745 750 796 imperio
773 743 969 792 Romano,
996 744 1083 785 eius
1098 746 1330 784 stamamet
1352 756 1434 783 una
1452 744 1765 784 tintinnabulum
1783 748 1933 786 motum
1957 760 2055 795 esse,
2083 748 2331 790 sacerdotem
2351 762 2454 798 vero,

373 809 446 863 qui
467 808 572 851 Sorte
597 808 829 858 custodiret,
855 808 1090 860 imperatori
1116 808 1194 850 hoc
1220 806 1439 858 indicasse3
1464 812 1604 859 postea
1629 809 1720 849 illas
1745 812 1895 850 statuas
1915 811 2146 863 Byzantium
2161 818 2455 865 transportata

375 877 418 916 et
442 874 495 916 ab
521 873 748 915 Alexandro
773 873 913 915 Basilii
939 872 1022 914 filio
1046 872 1269 926 Iaon‘nque
1295 869 1421 913 tratre
1450 874 1490 921 (†
1516 876 1609 925 915)
1638 874 1810 920 vestibus
1836 875 1972 916 sericis
1997 876 2039 916 in
2065 877 2306 920 adorationis
2331 879 2454 921 finem

375 940 538 982 indutas
562 953 665 981 esse:
691 952 771 992 quo
793 939 898 981 facto
924 938 1003 981 Set.
1021 939 1184 980 Petrum
1209 928 1443 990 imperatori
1470 938 1513 977 in
1542 939 1694 979 somnio
1720 940 1909 980 iracundo
1937 941 2044 980 vultu
2068 945 2296 993 apparuisse
2320 945 2451 986 excla-

375 1008 569 1053 mantem,
594 1017 679 1048 sese
704 1004 926 1057 principem
935 1003 1085 1045 Romae
1112 1016 1214 1052 esse,
1238 1002 1370 1045 altera
1393 1018 1488 1046 vero
1517 1006 1606 1047 luce
1634 986 1913 1059 impessatorem
1939 1012 2134 1050 mortuum
2160 1016 2277 1053 esse.“
2304 1012 2455 1053 Auctor

372 1072 696 1113 mirabilium
721 1072 923 1119 Romae,
957 1071 1208 1112 celeberrimi
1235 1070 1346 1112 illius
1371 1073 1526 1114 mediae
1570 1073 1712 1113 aetatis
1748 1073 1959 1122 itinerarii,
1984 1075 2130 1125 partim
2155 1076 2278 1117 latino
2297 1071 2454 1129 ¹partim

377 1136 607 1190 germanico,
628 1148 808 1177 sermone
830 1135 1063 1187 conscripti,
1090 1135 1162 1176 ubi
1187 1135 1371 1187 inquirit,
1399 1149 1522 1188 quare
1548 1135 1600 1179 sit
1626 1134 1774 1176 factum
1798 1136 1996 1185 stntheon,
2026 1137 2191 1179 eandem
2216 1152 2300 1179 rem
2322 1140 2456 1193 tangit

373 1205 421 1242 ut
451 1201 558 1242 inter
590 1214 726 1242 omnes
760 1204 895 1241 notam
928 1214 976 1241 ac
1011 1200 1236 1253 vulgarem:
1272 1201 1349 1248 „E
1379 1201 1558 1254 Agrippa
1591 1200 1814 1251 praefectus
1847 1201 2071 1254 subiugavit
2104 1215 2266 1243 romano
2299 1204 2454 1245 senatui

377 1264 556 1313 Suevios,
584 1263 758 1306 Saxones
783 1268 826 1306 et
848 1265 949 1306 alios
971 1265 1237 1307 occidentales
1260 1266 1429 1317 populos
1455 1279 1545 1307 cum
1571 1268 1741 1317 quatuor
1766 1265 1996 1317 legionibus.
2038 1265 2085 1306 ln
2103 1266 2213 1305 cuius
2232 1267 2453 1308 reversione

375 1329 689 1371 tintinnabulum
716 1321 1090 1378 statuao'Persidis,
1119 1343 1222 1382 quae
1251 1335 1338 1372 erat
1363 1332 1406 1372 in
1432 1330 1618 1382 capitolio
1644 1330 1686 1370 in
1711 1328 1860 1379 templo
1887 1331 1982 1369 Iovis
2007 1333 2049 1370 et
2076 1331 2252 1379 Monetae,
2278 1332 2453 1374 sonabat.

378 1393 482 1435 Nam
507 1394 813 1446 uniuscuiusque
839 1395 952 1448 regni
975 1397 1101 1442 totius
1127 1395 1236 1436 orbis
1262 1398 1350 1436 erat
1375 1397 1507 1434 statua
1533 1393 1577 1432 in
1603 1392 1789 1443 capitolio
1816 1405 1906 1432 cum
1932 1393 2199 1434 tintinnabulo
2225 1394 2277 1434 ad
2301 1395 2453 1443 collum,

377 1462 421 1502 et
436 1489 446 1507 ,
477 1459 511 1499 si
539 1458 641 1504 sorte
673 1460 806 1511 aliqua
833 1473 928 1512 gens
952 1460 1211 1501 rebellionem
1247 1460 1522 1506 meditaretur,
1556 1457 1763 1509 confestim
1796 1458 2106 1504 tintinnabulum
2140 1463 2293 1501 statuae
2326 1461 2454 1513 gentis

374 1523 484 1564 illius
498 1524 827 1564 commovebatur
852 1528 894 1565 et
921 1525 1089 1566 sonabat
1114 1525 1498 1578 cognoscebantque,
1526 1523 1624 1563 illud
1651 1536 1816 1576 regnum
1843 1536 1927 1564 esse
1953 1523 2112 1566 rebelle.
2167 1524 2286 1566 Cuius
2312 1526 2450 1567 tintin-

371 1588 563 1630 nabulum
594 1587 759 1628 audiens
790 1588 987 1636 sacerdos,
1020 1589 1090 1640 qui
1123 1592 1212 1630 erat
1246 1589 1290 1629 in
1325 1589 1485 1640 specula
1509 1588 1553 1627 in
1579 1587 1824 1628 hebdomade
1851 1601 1939 1640 sua,
1965 1589 2162 1630 nuntiavit
2188 1589 2444 1638 senatoribus,

375 1656 578 1694 senatores
602 1656 734 1694 autem
758 1652 862 1694 hanc
900 1653 1140 1707 legationem
1170 1654 1378 1706 ,praefecto
1404 1654 1604 1707 Agrippae
1638 1653 1943 1705 imposuemnt.“
2016 1654 2124 1704 Quae
2159 1655 2373 1711 descriptio
2410 1657 2452 1696 in

373 1719 449 1759 clia
475 1717 716 1758 mirabilium
750 1719 977 1760 recensione
1017 1732 1065 1760 eo
1091 1722 1210 1760 aucta
1239 1719 1402 1774 legitur,
1437 1720 1649 1773 imaginem
1684 1719 1846 1760 rebellis
1882 1720 2107 1772 provinciae
2140 1722 2287 1761 dor-sum
2320 1734 2453 1762 versus

375 1784 589 1839 imaginem
624 1784 736 1825 urbis
772 1784 920 1826 Romae
956 1786 1121 1827 vertisse
1157 1789 1199 1826 ct
1234 1785 1291 1826 sic
1325 1786 1635 1827 tintinnabulum
1673 1786 1857 1828 sonuisse.
1927 1786 2061 1827 Etiam
2094 1785 2335 1827 introductio
2360 1786 2453 1828 libri

372 1864 494 1902 supra
524 1849 674 1891 laudati
714 1851 1056 1898 „Kaiserchrom‘ffl
1089 1850 1189 1891 haec
1227 1850 1366 1891 habet:
1436 1851 1624 1899 „Romani
1661 1850 1754 1890 olim
1791 1855 2023 1891 cunctarum
2049 1855 2245 1892 terrarum
2273 1855 2453 1902 potentes

375 1917 507 1957 instar
535 1914 803 1966 quarumlibet
838 1914 970 1956 fusilia
1005 1919 1203 1956 terrarum
1238 1915 1434 1964 fecerunt,
1474 1915 1586 1955 nolas
1612 1928 1749 1956 aereas
1773 1915 2057 1967 appendentes,
2085 1929 2185 1968 quae
2214 1917 2343 1956 sonitu
2370 1917 2453 1956 sine

376 1985 490 2023 tactu
523 1993 709 2020 manuum
747 1980 1009 2022 reluctantem
1044 1982 1233 2034 populum
1267 1981 1558 2032 prodiderimt.“
1623 1981 1817 2032 Persaepe
1854 1995 1947 2022 vero
1974 1982 2185 2032 scriptores
2211 1981 2330 2022 medii
2357 1981 2452 2027 aevi,

374 2051 423 2088 ut
449 2045 568 2092 aliea,
593 2044 714 2085 etiam
741 2044 818 2084 hac
844 2044 887 2084 in
913 2059 978 2095 re,
1008 2049 1229 2099 Capitolium
1253 2059 1341 2086 cum
1369 2047 1524 2086 Coloe-seo
1550 2045 1612 2085 vel
1639 2047 1801 2086 Pantheo
1827 2046 2099 2100 confudisse*),
2125 2050 2358 2098 queruntur,
2383 2046 2452 2097 qui

371 2112 542 2153 multum
573 2111 616 2150 in
652 2110 732 2150 illis
766 2112 923 2166 versati·
950 2117 1064 2154 sunt:
1100 2113 1160 2154 ita
1193 2112 1469 2153 Massmannus
1502 2111 1630 2152 locnm
1660 2110 1843 2153 Andreae
1875 2110 2175 2152 Ratisbonensis
2206 2110 2340 2160 affert,
2382 2110 2452 2164 qui

371 2178 631 2219 salvationem
653 2180 740 2217 arte
768 2177 1057 2229 nigromantica
1083 2177 1301 2218 confectam
1328 2177 1372 2216 in
1400 2179 1555 2217 Colosseo
1580 2177 1802 2216 institutam
1829 2190 1914 2217 esse
1943 2177 2132 2218 obtineat.

478 2242 568 2285 Non
594 2245 670 2290 est,
694 2241 799 2294 quod
818 2243 1012 2284 incertam
1030 2243 1188 2285 illorum
1206 2243 1398 2284 librorum
1418 2241 1537 2284 fidem
1558 2240 1797 2294 dubiamque
1812 2241 2089 2283 auctoritatem
2116 2241 2232 2281 latius
2246 2254 2450 2291 exponam,

373 2322 460 2350 cum
487 2307 589 2347 nihil
613 2306 722 2347 aliud
748 2307 959 2354 voluerim,
986 2321 1104 2359 quam
1131 2308 1400 2350 demonstrare
1414 2340 1423 2356 ,
1450 2307 1561 2349 illam
1581 2306 1818 2348 Salvationis
1845 2307 2017 2349 fabulam
2031 2307 2178 2348 Romae
2204 2310 2382 2347 exortam
2409 2309 2451 2347 et

373 2373 643 2416 circumlatam
671 2385 754 2412 esse
771 2372 851 2412 iam
874 2372 1042 2421 dudum,
1070 2377 1281 2426 antequam
1292 2373 1460 2427 Virgilio
1478 2377 1524 2413 ut
1549 2372 1656 2413 illius
1681 2373 1824 2414 aetatis
1851 2372 1962 2413 heroi
1988 2371 2113 2424 gloria
2137 2371 2299 2413 artificis
2314 2376 2448 2413 aucto-

372 2440 507 2492 risque
530 2438 649 2479 huius
672 2437 858 2489 miraculi,
880 2437 1185 2482 adscriberetur.
1249 2438 1383 2480 Prima
1416 2452 1509 2479 vero
1545 2438 1664 2479 huius
1697 2438 1854 2479 fabulae
1880 2438 2043 2490 vestigia
2078 2436 2264 2489 indagare
2287 2437 2451 2479 difficile

375 2509 437 2561 est
463 2518 511 2547 ac
535 2503 701 2545 fortasse
726 2503 1013 2546 inextricabile.
1068 2499 1343 2549 Massmimnus
1368 2507 1571 2556 comparat
1597 2503 1668 2545 illa
1693 2502 1895 2555 horologia
1910 2534 1919 2551 ,
1954 2502 2130 2549 horaria,
2159 2503 2323 2551 solaria,
2355 2504 2451 2545 olim

372 2572 523 2612 Romae
552 2573 767 2617 exstructa,
794 2583 896 2621 quae
924 2569 1018 2610 solis
1042 2570 1194 2610 varium
1222 2570 1350 2612 locum
1377 2583 1450 2622 pro
1476 2569 1642 2623 singulis
1666 2568 1783 2609 terris
1810 2567 1917 2608 horis
1945 2566 2181 2615 indicarent,
2217 2568 2361 2620 quibus
2388 2569 2452 2611 vel

370 2637 533 2679 nomina
557 2635 618 2677 vel
645 2635 836 2688 imagines
862 2649 1019 2688 quoque
1045 2636 1144 2677 tuba
1180 2641 1365 2678 canentes
1402 2636 1584 2688 apposita
1621 2638 1734 2675 erant
1758 2632 1926 2685 (vitruv,
1954 2634 1988 2679 9,
2017 2635 2059 2691 4„
2079 2632 2120 2680 9)
2155 2636 2197 2672 et
2219 2634 2331 2674 illam
2356 2647 2451 2686 por—

372 2703 496 2744 ticum
522 2701 573 2742 ab
600 2700 788 2753 Augusto·
803 2700 948 2741 factam
977 2700 1153 2744 (Servius
1179 2701 1230 2742 ad
1245 2702 1339 2742 Aen.
1368 2705 1402 2749 8,
1436 2703 1537 2753 121),
1562 2699 1605 2740 111
1631 2712 1710 2751 qua
1735 2698 1932 2737 sz’mulacra
1954 2698 2114 2736 omnium
2137 2702 2302 2749 ,waiam
2331 2699 2450 2740 collo-

373 2770 549 2814 caverat,
575 2778 676 2817 quae
702 2766 877 2816 porticus
904 2766 1182 2818 appellabatur
1205 2768 1255 2807 ad
1278 2770 1443 2808 nattbnes.
1508 2763 1690 2804 Fortasse
1718 2762 1837 2802 etiam
1864 2760 1971 2801 illius
1999 2760 2176 2801 Suetonii
2203 2761 2354 2816 (Octav.
2383 2763 2453 2819 91)

504 2885 536 2926 ⁸)
558 2883 646 2918 Mira
670 2891 709 2916 ac
730 2883 810 2917 satis
832 2882 970 2918 ridicula
990 2884 1133 2918 levitatis
1155 2883 1361 2918 librariorum
1383 2883 1417 2917 in
1439 2884 1503 2918 illis
1525 2884 1662 2918 vetustis
1680 2882 1862 2924 codicibus,
1893 2887 1930 2916 ut
1951 2883 1986 2916 in
2009 2882 2157 2926 Graphia
2181 2893 2220 2917 ac
2244 2883 2453 2918 Mirabilibus

373 2941 539 2975 admissae
555 2939 704 2981 exempla
715 2938 1113 2980 proposuitGregorovius
1130 2938 1152 2971 l.
1168 2938 1190 2971 1.
1199 2937 1258 2978 IV,
1271 2938 1343 2970 616.
1368 2937 1421 2971 Sic
1437 2937 1685 2972 inmrabilibus
1708 2937 1749 2970 de
1760 2937 2016 2980 „martyrologio
2027 2936 2134 2970 Ovidii
2151 2937 2193 2971 de
2200 2937 2452 2972 Fastis“sermo

323 3008 326 3012 ·
372 2996 444 3035 est,
466 2991 555 3035 quod
576 2990 730 3024 librarius
751 2989 803 3023 in:
828 2989 1119 3032 „martbiplogium
1140 2987 1182 3021 de
1203 2988 1347 3021 faustis“
1361 2990 1531 3023 mutilavit.
1576 2990 1795 3024 mirabilium:
1820 2995 1971 3033 „septem
1992 2991 2108 3025 laudes
2119 2991 2229 3026 factae
2247 2992 2451 3025 Octaviano“

373 3047 522 3091 enphit
541 3049 720 3081 commutat
739 3045 791 3078 in:
816 3047 965 3087 „septem
981 3042 1116 3088 Naydes
1134 3043 1265 3077 iunctae
1277 3042 1394 3082 Iano“,
1417 3043 1451 3074 et
1478 3042 1632 3074 Lmerani
1651 3051 1789 3082 nomen,
1815 3045 1855 3075 ut
1876 3041 1976 3075 etiam
1997 3042 2268 3085 etymologiarum
2288 3042 2452 3085 specimen

369 3112 574 3148 proponam,
596 3111 618 3136 a
641 3104 737 3135 latere
760 3105 794 3136 et
813 3112 895 3133 rana
918 3099 1047 3133 derivat
1069 3097 1213 3138 addens,
1238 3105 1355 3130 ranam
1378 3096 1521 3130 latenter
1543 3106 1565 3129 a
1588 3095 1720 3130 Nerone
1741 3096 1806 3129 illic
1826 3100 1957 3139 partam
1979 3106 2063 3131 esse.
