2781 3609
342 446 597 498 suscepisset.
637 445 726 486 Illic
748 446 792 486 in
821 445 994 497 hospitio
1013 444 1206 486 Iohannis
1222 445 1426 497 Tinateni,
1454 448 1707 502 Neapolitani
1729 451 2000 493 archidianoni
2031 454 2200 505 posthac
2215 438 2452 508 cardinalis,

348 515 532 568 ,μοιἐπίιὶι,
562 512 740 553 moribus
767 515 808 553 et
840 512 1031 565 sanguine
1058 511 1259 560 illustris“‚
1306 513 1375 565 qui
1400 514 1473 556 sub
1506 527 1613 568 papa
1634 516 1861 559 Alexandro
1896 516 1969 560 ΙΙΙ.
1994 530 2165 573 magnae
2198 522 2452 565 ΜΝ.

345 577 479 618 fuerat
518 580 561 618 et
584 590 690 618 anno
722 581 819 617 1175
851 579 1031 616 mortuus
1058 580 1118 617 est
1134 607 1143 624 ,
1167 589 1258 617 cum
1285 578 1404 618 amici
1437 579 1698 630 mirarentur,
1722 582 1831 635 quod
1865 583 2002 624 omnia
2036 586 2121 625 tam
2150 583 2255 626 bene
2285 577 2448 638 proflui-

348 642 550 684 scentibus
566 642 845 691 successerint,
865 641 1078 683 Gervasius
1098 643 1382 695 interrogatur,
1407 655 1614 696 perquam
1630 646 1743 688 urbis
1757 646 1947 700 Neapolis
1972 650 2131 700 portam
2156 647 2385 702 inu-averit,
2412 657 2457 695 et

344 721 431 761 qua
455 713 570 761 parte
597 707 748 756 aditus,
784 706 928 749 dextra
953 708 1160 748 sinistrave
1177 739 1186 756 ,
1212 711 1254 748 et
1280 705 1512 759 respondet:
1567 709 1688 758 „Cum
1714 712 1767 753 ad
1802 713 1935 764 ipsam
1961 712 2186 755 veniremus
2220 717 2379 766 portam
2411 720 2456 759 et

347 775 528 826 paratior
552 774 665 815 nobis
692 773 745 815 ad
770 774 976 815 sinistram
1004 777 1161 826 pateret
1190 773 1406 826 ingressus,
1434 775 1608 815 occurrit
1633 788 1683 816 ex
1706 776 1922 834 improviso
1945 777 2099 827 asinus,
2124 778 2323 833 lignorum
2344 782 2456 821 strue

349 844 552 888 oneratus,
592 842 633 880 et
660 850 709 878 ex
743 850 910 877 occursu
949 838 1143 889 compulsi
1181 851 1314 878 sumus
1348 837 1400 879 ad
1432 838 1614 882 dextram
1641 840 1854 885 declinare.
1909 841 2020 883 Tunc
2039 842 2132 884 ille:
2179 843 2258 893 „Ut
2296 844 2448 894 sciatis,

349 910 499 959 quanta
526 902 709 945 miranda
745 905 934 955 Viryilius
959 903 1003 943 in
1026 903 1102 944 hac
1142 903 1240 944 urbe
1275 903 1396 945 fuerit
1427 908 1629 955 operatus,
1665 906 1899 948 accedamus
1929 906 1983 947 ad
2006 908 2139 948 locum
2162 911 2206 949 et
2231 908 2451 950 ostendam,

347 972 455 1024 quod
491 972 534 1011 in
568 970 640 1010 illa
675 972 793 1020 porta
831 969 1091 1021 memorabile
1133 969 1343 1022 reliquerit
1379 969 1571 1022 Virgilius
1609 985 1729 1025 super
1762 976 1951 1016 terram.“
2005 972 2297 1016 Accedenfibus
2333 975 2449 1016 nobis

349 1035 524 1078 ostendit
549 1036 593 1076 in
619 1029 762 1076 dextra
798 1037 915 1086 parte
943 1039 1052 1088 caput
1080 1037 1229 1087 parieti
1258 1034 1403 1087 portali
1427 1038 1604 1076 mertum
1632 1035 1684 1077 de
1709 1048 1907 1078 marmore
1935 1036 2073 1093 Pario,
2109 1038 2223 1081 cuius
2252 1040 2379 1082 rictus
2399 1040 2453 1083 ad

347 1107 469 1143 risum
496 1106 537 1142 et
564 1101 734 1142 eximiae
761 1100 1028 1146 iucunditatis}
1053 1100 1302 1141 hilaritatem
1329 1101 1600 1144 trahebantur.
1647 1101 1696 1142 In
1719 1102 1884 1144 sinistra
1910 1116 2005 1144 vero
2029 1106 2146 1155 parte
2171 1106 2337 1155 parietis
2363 1111 2454 1148 erat

346 1167 455 1208 aliud
481 1168 602 1217 caput
626 1163 677 1205 de
701 1163 898 1217 consimili
924 1175 1120 1204 marmore
1149 1162 1335 1212 infixum,
1361 1164 1431 1205 sed
1457 1164 1576 1207 alteri
1602 1165 1716 1208 valde
1733 1167 1945 1218 dissimile,
1972 1169 2098 1211 oculis
2113 1167 2310 1222 siquidem
2326 1170 2452 1211 torvis

334 1232 472 1280 flentis·
498 1230 652 1269 vultum
684 1233 805 1281 atque
831 1228 946 1276 irati,
984 1241 1176 1280 casusque
1207 1228 1379 1269 infelicis
1412 1230 1605 1271 iacturam
1631 1231 1878 1284 deplorantis
1913 1233 2236 1286 praetendebat.“
2287 1234 2351 1276 Ex
2386 1235 2452 1276 his

347 1299 432 1336 tam
459 1295 636 1335 adversis
649 1294 828 1334 vultuum
852 1293 1206 1345 imaginationibus
1228 1293 1307 1334 duo
1325 1294 1403 1334 sibi
1421 1296 1621 1340 contraria
1639 1295 1821 1338 fortunae
1839 1298 1927 1340 fata
1943 1300 2135 1352 proponit
2147 1299 2451 1341 archidiaconus

348 1360 533 1402 omnibus
568 1358 884 1413 ingredientibus
921 1359 1150 1407 imminere,
1201 1357 1415 1399 dummodo
1452 1359 1563 1400 nulla
1606 1359 1677 1401 fiat
1717 1360 1935 1405 declinatio
1971 1364 2024 1406 ad
2061 1364 2245 1408 dextram
2272 1364 2356 1406 sive
2391 1363 2446 1405 ad

345 1426 552 1467 sinistram
579 1430 619 1467 et
655 1438 704 1465 ex
739 1424 937 1465 industria
969 1427 1206 1477 procurata3
1256 1424 1326 1465 sed
1354 1425 1460 1464 sicut
1489 1424 1630 1465 fatalia
1665 1429 1776 1475 sunt,
1814 1426 1900 1468 fato
1935 1432 2160 1483 eventuque
2192 1429 2444 1471 comitantur.

344 1492 535 1544 Quisquis
561 1490 612 1531 ad
640 1490 822 1531 dextram
848 1491 969 1531 istam
993 1491 1195 1530 civitatem
1224 1489 1448 1542 ingreditur
1482 1502 1639 1541 semper
1664 1490 1807 1532 dextro
1833 1505 1960 1533 cornu
1985 1494 2038 1534 ad
2065 1508 2222 1536 omnem
2248 1495 2442 1547 propositi

346 1559 409 1599 sui
445 1558 631 1600 effectum
665 1561 941 1609 prosperatur,
989 1570 1144 1608 semper
1183 1556 1326 1597 crescit
1361 1558 1403 1597 et
1442 1558 1628 1608 augetur;
1672 1556 1899 1609 quicunque
1932 1557 1986 1599 ad
2032 1559 2238 1602 sinistram
2271 1558 2448 1601 flectitur

349 1637 506 1674 semper
530 1623 681 1664 decidit
707 1627 748 1664 et
775 1623 825 1663 ab
855 1624 963 1663 omni
987 1622 1186 1663 desiderio
1211 1635 1282 1662 suo
1309 1620 1527 1661 fraudatur.
1555 1643 1610 1649 —-

458 1688 551 1740 Cap.
568 1692 635 1730 13:
675 1689 794 1737 „Erat
816 1689 859 1727 in
884 1688 1053 1728 confinio
1076 1687 1252 1728 eiusdem
1274 1686 1446 1727 civitatis
1457 1685 1753 1737 Neapolitanae,
1768 1685 1879 1725 velut
1903 1698 1954 1726 ex
1975 1689 2167 1738 opposito,
2190 1700 2304 1729 mons
2313 1687 2447 1741 Virgi-

346 1770 453 1804 num,
467 1757 512 1795 in
530 1756 642 1795 cuius
659 1754 831 1801 declivo,
851 1753 957 1793 inter
972 1755 1189 1803 praerupta
1203 1764 1387 1792 saxorum
1408 1751 1521 1791 aditu
1536 1751 1658 1803 gravi,
1669 1750 1861 1804 Virgilius
1882 1753 2027 1791 hor-tum
2047 1752 2300 1803 plantaverat
2314 1753 2451 1794 multis

349 1821 565 1861 herbarum
591 1819 805 1872 generibus
832 1819 1049 1870 consitum3
1077 1818 1120 1857 in
1148 1817 1225 1856 hoc
1248 1816 1448 1855 invenitur
1475 1816 1602 1856 herba
1622 1815 1751 1862 Lucii,
1779 1826 1901 1865 quam
1927 1826 2020 1855 oves
2046 1829 2186 1858 caecae
2210 1818 2449 1870 quandoque

348 1887 559 1937 tangentes
594 1885 730 1925 statim
763 1883 1037 1924 acutissimum
1065 1882 1193 1921 visum
1229 1881 1437 1932 recipiunt.
1493 1881 1542 1921 In
1570 1877 1709 1922 eodem
1734 1883 1823 1921 erat
1848 1883 1968 1931 imayo
1992 1894 2099 1922 aenea
2123 1884 2309 1925 bucconem
2332 1887 2382 1925 ad
2405 1900 2445 1926 οε

348 1954 487 1998 tenens,
516 1963 636 2002 quam
652 1949 807 2002 quoties
821 1952 957 1989 auster
982 1962 1031 1988 ex
1058 1947 1216 1988 obiecto
1239 1940 1510 1995 subintrabat,
1539 1946 1675 1987 statim
1701 1945 1826 1997 ipsius
1851 1947 1960 1987 venti
1985 1946 2104 1988 flatus
2130 1950 2447 1992 convertebatur.

347 2015 455 2064 Quid
478 2020 612 2056 autem
639 2015 842 2055 conversio
868 2015 946 2054 ista
969 2013 1065 2053 Noti
1099 2013 1299 2053 commodi
1338 2014 1526 2064 portabat
1555 2013 1702 2054 audite.
1768 2012 1843 2052 Est
1868 2012 1912 2052 in
1937 2012 2108 2055 confinio
2142 2015 2313 2056 civitatis
2342 2016 2445 2058 Nea—

353 2081 554 2133 politanae
582 2094 694 2121 mons
721 2080 915 2128 excelsus,
953 2079 1056 2120 mari
1093 2078 1261 2126 infixus,
1291 2079 1510 2120 subiectam
1547 2078 1624 2119 sibi
1651 2078 1813 2118 Terram
1843 2077 2011 2119 Laboris
2045 2079 2186 2132 (Terra
2210 2080 2253 2121 di
2276 2081 2449 2135 Lavoro)

350 2144 568 2195 spatiosam
602 2147 869 2196 prospectans
924 2143 1001 2184 Hic
1037 2157 1170 2185 mense
1207 2144 1314 2184 Maio
1359 2144 1511 2184 fumum
1553 2143 1804 2185 teterrimum
1845 2146 2002 2184 eructat
2046 2149 2088 2185 et
2122 2145 2323 2188 interdum
2356 2160 2450 2189 cum

349 2209 484 2249 cinere
514 2209 791 2249 ardentissimo
818 2210 929 2261 ligna
956 2210 1116 2260 proiicit
1142 2214 1282 2250 exusta
1308 2211 1351 2249 in
1379 2210 1566 2250 carbonis
1594 2209 1778 2249 colorem.
1819 2207 1937 2248 Unde
1963 2209 2047 2249 illic
2071 2211 2272 2261 quoddam
2292 2212 2447 2253 Inferni

351 2274 504 2315 terreni
531 2274 771 2326 spiraculum
808 2277 990 2315 asserunt
1016 2273 1195 2318 ebullire.
1261 2274 1403 2316 Flante
1432 2287 1527 2328 ergo
1552 2273 1657 2316 Noto
1693 2271 1824 2325 pulvis
1860 2271 2011 2315 calidus
2044 2266 2199 2328 segetes
2232 2289 2450 2331 omnesque

349 2338 503 2378 fructus
540 2340 673 2378 exurit
707 2341 849 2392 sicque
873 2345 982 2380 terra
1015 2340 1261 2380 feracissima
1302 2340 1354 2380 ad
1391 2340 1646 2381 sterilitatem
1690 2338 1861 2379 ducitur.
1915 2337 1975 2379 Ob
2012 2340 2088 2381 hoc
2123 2344 2248 2385 tanto.
2271 2342 2448 2395 regionis

349 2403 459 2444 illius
484 2403 631 2444 damno
656 2405 862 2445 consulens
898 2408 1085 2458 Viryilius
1112 2407 1156 2446 in
1185 2406 1366 2456 opposito
1394 2409 1530 2445 monte
1556 2407 1748 2452 statuam,
1776 2407 1822 2443 ut
1845 2402 2035 2454 diximus,
2064 2419 2153 2446 cum
2179 2407 2280 2448 tuba
2304 2408 2445 2457 erexit,

345 2472 394 2510 ut
418 2468 474 2510 ad
498 2469 673 2521 primum
700 2469 880 2510 ventilati
908 2482 1031 2510 cornu
1053 2470 1229 2511 sonitum
1256 2473 1297 2511 et
1323 2470 1367 2510 in
1392 2470 1482 2522 ipsa
1506 2468 1606 2510 tuba
1630 2467 1748 2509 flatus
1774 2467 2056 2520 subintrantia,
2082 2471 2297 2523 impulsum
2316 2471 2447 2515 Notus

347 2535 531 2587 repulsus
559 2539 598 2574 vi
632 2539 807 2576 mathew
834 2540 1098 2587 quassaretur.
1153 2536 1272 2577 Unde
1311 2536 1376 2585 fit,
1414 2535 1538 2588 quod,
1576 2538 1708 2575 statua
1742 2535 1814 2576 illa
1847 2536 1910 2577 vel
1945 2539 2078 2577 aetate
2114 2540 2349 2588 consumpta
2383 2538 2447 2579 vel

348 2592 575 2642 invidorum
601 2602 757 2642 malitia
782 2602 988 2650 demolita,
1016 2615 1135 2654 saepe
1161 2602 1332 2654 pristina
1354 2602 1502 2642 damna
1528 2603 1776 2652 reparantur.
1803 2624 1858 2630 —

457 2666 550 2717 Cap.
580 2669 638 2708 16.
702 2668 763 2706 De
790 2680 884 2718 rupe
909 2670 1046 2715 incisa,
1083 2681 1172 2718 quae
1198 2669 1318 2706 nullas
1342 2668 1506 2706 admittit
1531 2667 1695 2705 midias.
1725 2687 1781 2695 —
1806 2665 1855 2705 In
1882 2663 2023 2705 eodem
2049 2664 2221 2706 confinio
2247 2669 2309 2706 est
2333 2679 2450 2708 mons

348 2732 451 2772 mira
477 2732 624 2772 virtute
647 2730 709 2787 ad,
727 2730 889 2772 modum
917 2734 1066 2783 cryptae
1093 2744 1303 2779 concavus,
1331 2731 1442 2772 cuius
1468 2733 1584 2771 tanta
1609 2734 1671 2771 est
1695 2729 1923 2783 longitudo,
1959 2728 2066 2782 quod
2092 2729 2267 2771 medium
2290 2732 2449 2773 tenenti

345 2797 416 2837 vix
447 2796 525 2837 duo
563 2797 698 2848 capita
731 2800 974 2849 comparent
1033 2798 1130 2838 Arte
1156 2800 1410 2838 mathematica
1446 2797 1547 2838 haec
1584 2799 1771 2848 operatus
1809 2798 1871 2837 est
1902 2796 2107 2847 Viaeyainoe,
2149 2796 2256 2849 quod
2292 2796 2338 2837 in
2373 2796 2448 2838 illo

346 2862 494 2903 montis
521 2875 644 2915 opaco
670 2863 856 2905 inimicus
882 2864 1044 2905 inimico
1072 2864 1107 2905 si
1134 2864 1249 2915 ponit
1282 2863 1465 2912 insidias,
1499 2861 1611 2903 nullo
1651 2861 1744 2902 dolo
1781 2861 1940 2902 nullove
1965 2859 2116 2903 fraudis
2150 2862 2315 2916 ingenio
2350 2875 2447 2904 suae

347 2928 527 2970 malitiae
554 2928 598 2968 in
623 2929 801 2971 nocendo
828 2929 925 2971 dare
950 2933 1084 2983 potest
1110 2928 1308 2973 effectum.

384 3020 392 3030 .
455 2995 541 3047 Gap.
571 2996 662 3034 112.
718 2994 778 3035 De
804 2984 944 3035 osm‘bnc's
968 2997 1099 3048 Ioseph
1126 2998 1161 3036 et
1187 3010 1253 3036 ove.
1283 3019 1338 3025 —
1362 2994 1494 3035 Antea
1519 3004 1849 3041 commemorant-1,
1889 3004 1976 3034 ossa
1999 2993 2160 3046 Iosephi
2185 2992 2442 3045 patriarchae

346 3059 508 3103 Iudaeis
543 3060 743 3102 molestias
778 3061 821 3101 in
855 3061 990 3103 reditu
1024 3076 1073 3103 ex
1099 3061 1282 3116 Aegypto
1311 3059 1571 3113 perferendas
1598 3058 1816 3100 vaticinata
1842 3072 1948 3109 esse,
1992 3059 2092 3101 haec
2128 3057 2265 3100 addit:
2319 3059 2449 3108 „Ecca
