2781 3609
322 338 372 376 14

319 438 372 482 ex
395 439 504 481 illius
531 437 674 478 aetatis
688 436 864 477 moribus
878 434 1104 477 excusanda
1119 436 1401 482 ausonensem,
1429 433 1630 482 cumalii,
1655 438 1702 475 ut
1713 434 1924 483 Gervinus,
1950 437 2419 490 mun-ouuph‘enem

317 507 365 548 in
392 519 439 548 eo
466 502 720 554 conspicuam
745 499 889 541 acerbe
918 498 1138 552 castigent,
1172 499 1323 552 quippe
1351 512 1454 552 quae
1481 513 1533 542 ex
1562 512 1610 541 eo
1637 501 1682 542 in
1706 500 1845 555 vulgus
1879 501 2135 544 emanaverit.
2183 501 2275 546 ‘ma
2292 503 2423 546 Gesta

319 585 414 613 vero
440 569 522 610 tria
547 570 706 609 tantum
720 565 946 618 virgiliana
960 577 1151 617 expresso
1165 565 1275 618 magi
1298 565 1457 606 nomine
1479 564 1706 615 continent,
1731 578 1834 618 quae
1860 578 1931 608 suo
1955 565 2042 607 loco
2062 564 2416 611 inlraiusoeemus.

319 635 401 677 Sed
434 632 650 675 verisimile
685 634 764 679 est,
814 631 939 672 etiam
964 630 1122 682 plures,
1156 629 1200 670 in
1233 629 1377 682 quibus
1410 630 1625 681 „sapientis
1660 630 1867 672 cuiusdam
1901 629 2114 684 magistr-P,
2146 632 2308 677 001111ιο
2337 645 2423 680 m

318 700 478 749 addito,
506 697 656 740 mentio
682 696 748 746 fit,
776 696 829 737 ad
856 696 1028 739 eundem
1055 695 1273 750 Virgilium
1300 694 1512 746 pertinere.
1585 718 1588 721 ·

428 767 639 806 Praeterea
659 763 782 803 etiam
795 762 1117 803 vindobonensis
1134 761 1242 800 illius
1266 759 1486 799 Ioannis
1511 759 1749 801 Enenk'el
1772 751 1955 807 oblivisci
1970 759 2170 807 nolumus,
2192 760 2423 811 nupeuine

320 830 434 883 quasi
460 827 661 880 patefacti.
712 825 791 875 Qui
818 825 951 868 medio
979 825 1111 867 seculo
1137 825 1239 866 XIII
1265 837 1367 877 quae
1389 827 1431 866 et
1460 824 1503 864 in
1534 824 1749 867 itineribus
1775 825 1861 877 ipse
1887 825 2190 873 observavioeet,
2207 828 2252 868 et
2268 826 2320 868 ab
2334 825 2427 868 aliis

319 893 643 948 chronographis,
654 891 839 943 inprimis
857 905 907 932 ex
925 891 1174 932 memorabili
1188 890 1257 930 1110
1276 889 1419 930 incerti
1435 890 1609 931 auctoris
1622 891 1829 941 poemate:
1856 888 2417 940 „memma-“hauniense

318 961 364 1000 in
390 972 503 999 suam
529 955 874 1008 cosmographiam
899 968 1082 996 versuum
1108 969 1233 1007 paene
1261 955 1429 1008 triginta
1455 956 1634 997 millibus
1661 959 1889 997 contextam
1913 954 2075 1006 recepit.
2129 954 2266 995 Etiam
2277 955 2412 1009 Virgi-

320 1026 452 1066 lianae
478 1022 631 1074 aliquot
656 1020 833 1062 fabellae
857 1020 941 1061 11110
969 1024 1195 1063 narrantur.
1256 1020 1333 1061 Hic
1360 1021 1479 1069 liber,
1506 1034 1628 1073 quem
1653 1022 1785 1073 ipsum
1810 1019 1973 1073 quidem
1996 1018 2193 1069 inspicere
2207 1019 2320 1065 mihi
2342 1034 2424 1062 non

324 1091 511 1144 contigit,
539 1087 703 1140 pro'prio
731 1087 861 1128 nitore
886 1099 1024 1127 carens
1054 1089 1095 1126 et
1123 1086 1307 1138 insuper,
1335 1089 1381 1126 ut
1407 1086 1524 1128 multi
1548 1090 1765 1135 testantur,
1788 1084 1944 1136 tumide
1970 1084 2161 1135 scriptus,
2186 1083 2263 1127 hoc
2285 1089 2421 1130 umen

322 1160 430 1200 certe
457 1155 600 1203 efficit,
627 1156 675 1194 ut
699 1152 921 1201 videamus,
948 1151 1147 1204 quomodo
1173 1151 1267 1194 illae
1294 1150 1454 1194 fabulae
1481 1165 1505 1194 e
1532 1152 1667 1204 patria
1692 1165 1765 1194 0110.
1791 1150 1890 1193 satis
1917 1149 2030 1193 brevi
2054 1152 2233 1201 tempore
2258 1149 2304 1192 in
2319 1149 2418 1194 Ger-

322 1222 499 1264 maniam
525 1219 770 1262 transierint.
890 1251 892 1253 -

430 1288 494 1328 Ex
521 1287 703 1327 omnibus
726 1297 819 1325 vero
847 1282 1002 1324 mediae
1029 1282 1176 1323 aetatis
1203 1281 1408 1322 annalium
1433 1282 1695 1333 scriptoribus
1721 1280 1987 1333 largissimam
2022 1294 2160 1322 eorum
2193 1280 2422 1332 mythorm

323 1352 636 1406 Virgilianorum
664 1349 839 1399 copiam,
864 1348 935 1399 qui
955 1347 1095 1389 urbem
1105 1346 1303 1397 Neapolin
1320 1346 1484 1398 eiusque
1504 1347 1690 1388 viciniam
1706 1346 1890 1394 attinent,
1904 1345 2072 1397 praebet
2089 1345 2195 1386 illud
2209 1345 2336 1388 Chro
2346 1348 2400 1389 111
2410 1371 2424 1377 -

324 1432 421 1460 000
446 1415 640 1458 Pseudo
654 1413 951 1464 -Villanii*)‚
977 1412 1047 1464 qui
1067 1412 1226 1460 dicitur,
1245 1412 1420 1452 auctoris
1434 1411 1475 1465 (†
1491 1412 1621 1465 1348).
1649 1411 1773 1461 Quod,
1790 1410 1970 1464 quamvis
1985 1408 2144 1451 demum
2158 1414 2427 1455 1100013821),

326 1483 506 1526 Barthol.
536 1478 763 1520 Caracciolo
791 1477 1036 1525 absolutum,
1069 1471 1206 1517 tamen
1235 1491 1284 1518 ex
1315 1477 1609 1529 antiquioribus
1639 1477 1816 1518 sontibus
1834 1474 2044 1516 manifesto
2070 1475 2257 1519 haustum
2283 1482 2346 1519 est
2385 1483 2428 1520 et

324 1553 491 1602 propter
518 1544 808 1586 accuratiorem
835 1543 1012 1582 locorum
1038 1540 1314 1582 definitionem
1340 1544 1461 1594 atque
1488 1542 1703 1595 ingenuam
1728 1539 1903 1581 auctoris
1928 1537 2227 1590 simplicitatem
2250 1543 2423 1594 patriu-

327 1627 405 1665 que
433 1621 611 1653 amorem
634 1606 893 1657 praecipuum
915 1607 1014 1648 'fidei
1040 1607 1102 1647 ius
1125 1607 1203 1648 sibi
1230 1607 1408 1648 vindicat
1432 1610 1475 1648 et
1497 1608 1678 1648 notiones
1701 1610 1787 1647 tum
1815 1605 2006 1655 temporis
2029 1617 2259 1650 communes
2277 1611 2419 1661 aperit,

325 1678 361 1720 si
388 1690 480 1718 cum
506 1673 597 1715 aliis
623 1671 886 1713 relationibus
913 1675 1183 1724 comparetur,
1209 1685 1310 1724 quae
1339 1672 1471 1723 primo
1498 1686 1521 1714 e
1547 1672 1659 1714 brevi
1683 1670 1988 1729 peregrinorum
2001 1670 2199 1712 viatorum
2210 1672 2424 1719 intuitione

327 1742 475 1783 cursim
503 1742 692 1789 exceptae
720 1742 761 1779 et
783 1738 1046 1779 insufficiente
1074 1739 1235 1790 linguae
1264 1737 1427 1778 italicae
1452 1739 1598 1779 notitia
1623 1737 1743 1777 variis
1771 1735 1975 1777 erroribus
2000 1735 2267 1788 adulteratae,
2293 1744 2380 1782 tum
2400 1756 2427 1783 a

327 1805 536 1860 nugatorio
563 1803 736 1855 quodam
766 1802 992 1843 fabularum
1017 1816 1169 1854 aucupe
1198 1803 1413 1844 temeraria
1439 1816 1530 1844 cum
1556 1802 1717 1844 levitate
1744 1800 1951 1853 dispersae
1978 1814 2062 1842 esse
2077 1801 2298 1847 videantur.
2322 1805 2426 1848 Fece

327 1873 480 1920 omnia,
509 1883 611 1922 quae
636 1869 680 1908 in
708 1868 783 1908 hoc
796 1868 963 1928 Villanii
980 1867 1174 1909 Chronico
1202 1867 1253 1909 de
1279 1867 1450 1921 Virgilio
1476 1867 1719 1917 referuntur,
1752 1867 1797 1908 in
1824 1880 1871 1909 00
1895 1869 2122 1917 versantur,
2156 1871 2203 1909 ut
2227 1868 2312 1911 eius
2338 1873 2428 1912 tan·

326 1950 448 1990 quam
473 1934 584 1975 urbis
611 1931 868 1985 sospitatoris
886 1933 1094 1985 praeclara
1136 1933 1187 1975 de
1217 1932 1275 1975 'ea
1310 1934 1474 1987 eiusque
1512 1935 1661 1975 civibus
1697 1933 1842 1975 merita
1878 1933 2102 1974 luculenter
2136 1934 2426 1985 praedicentur.

327 2004 495 2048 Auctor,
518 2012 591 2050 pro
620 2012 752 2040 crassa
780 2000 942 2051 quidem
969 2001 1054 2041 aevi
1080 1999 1256 2052 caligine
1284 2013 1379 2040 vera
1405 2013 1495 2041 011111
1519 1999 1628 2040 salsis
1655 2000 1845 2047 miscens,
1875 1999 2092 2052 Virgilium
2117 1999 2242 2040 refert
2265 2003 2427 2045 natione

328 2063 615 2112 Lombardum,
645 2064 824 2106 Andibus
859 2065 903 2104 in
930 2065 1015 2105 vico
1039 2077 1166 2116 prope
1195 2064 1403 2105 Mantuam
1437 2065 1514 2106 sito
1550 2068 1728 2117 tempore
1766 2064 1861 2105 Iulii
1887 2063 2066 2106 Caesaris
2102 2067 2256 2116 natum,
2304 2081 2429 2120 quum

328 2131 566 2171 Octavianus
591 2130 822 2171 Marcellum
848 2130 1095 2181 praefectum
1124 2130 1236 2171 urbis
1264 2130 1453 2181 Neapolis
1480 2131 1734 2179 instituisset,
1771 2130 1866 2170 huic
1904 2133 2107 2182 tamquam
2145 2132 2426 2176 cancellarium

328 2200 372 2238 et
394 2195 722 2246 consiliarium**)
746 2195 978 2237 adiunctum
1005 2199 1231 2247 esseeatque
1248 2196 1357 2236 illius
1384 2196 1557 2249 regionis
1583 2195 1741 2239 deliciis
1767 2195 1868 2236 mire
1894 2195 2084 2239 allectum
2110 2196 2193 2238 illic
2206 2211 2285 2240 non
2301 2200 2430 2242 solum

328 2262 526 2315 Georgica
552 2261 829 2313 conscripsisse
856 2261 926 2303 sed
954 2262 1076 2304 etiam
1099 2261 1229 2302 multa
1264 2262 1355 2303 urbi
1394 2263 1556 2316 eiusque
1592 2260 1734 2302 incolis
1772 2260 1966 2302 salutaria
1998 2274 2121 2314 opera
2145 2265 2233 2304 arte
2270 2264 2428 2318 magica

328 2330 546 2371 confecisse
559 2345 563 2350 ·
576 2331 616 2368 et
644 2331 834 2379 tanquam
861 2339 999 2367 eorum
1025 2330 1239 2377 patronum
1265 2329 1341 2368 sibi
1366 2332 1574 2369 aeternum
1597 2328 1640 2368 in
1660 2326 1913 2377 popularium
1927 2328 2118 2369 memoria
2130 2334 2431 2378 monumentum

330 2396 527 2448 exegisse,
556 2392 723 2444 posthac
752 2405 844 2432 vero
871 2391 914 2431 in
942 2390 1081 2432 eadem
1105 2392 1205 2433 urbe
1246 2393 1450 2444 sepultum
1469 2406 1572 2447 esse.
1642 2392 1851 2433 Caeterum
1885 2396 2040 2434 constat
2064 2392 2261 2446 Neapolin
2295 2397 2430 2438 seculo
2484 2418 2488 2421 ·

335 2460 374 2501 X
405 2460 458 2501 ad
484 2457 699 2517 imperium
725 2455 990 2507 Byzantinum
1015 2456 1275 2506 pertinuisse,
1300 2457 1371 2498 sed
1397 2458 1482 2499 eius
1507 2457 1729 2509 principem
1763 2457 1845 2498 sive
1872 2460 2128 2513 „magistrum
2154 2459 2357 2511 militum
2382 2466 2432 2503 ut

329 2525 620 2578 appellaretur,
660 2534 822 2573 prorsus
850 2521 912 2560 sui
937 2521 1035 2560 iuris
1064 2521 1269 2562 dominum
1298 2522 1438 2572 fuisse,
1472 2536 1593 2575 quam
1628 2523 1688 2564 rei
1724 2522 1991 2568 conditionem
2026 2525 2088 2566 illi
2127 2523 2341 2576 scriptores
2374 2524 2430 2571 ad

331 2591 500 2645 Augusti
529 2594 710 2640 tempora
739 2590 889 2627 temere
918 2586 1219 2627 transtulerunt.

439 2722 471 2760 *)
496 2719 570 2760 „Le
596 2717 783 2751 Chroniche
805 2715 847 2750 de
869 2717 904 2749 la
926 2716 1039 2750 inclita
1063 2717 1129 2750 cita
1153 2716 1194 2751 de
1221 2710 1356 2759 Napoie'
1370 2724 1431 2748 con
1451 2714 1474 2747 li
1500 2714 1599 2757 bagni
1620 2714 1663 2750 de
1683 2714 1828 2749 Puzzolo
1859 2719 1894 2749 et
1916 2714 2025 2749 Ischia
2053 2713 2088 2748 di
2110 2714 2274 2749 Giomni
2294 2715 2428 2757 vill-ui,

332 2780 576 2823 Napoletano··,
601 2777 693 2810 cuius
714 2776 824 2818 capita
848 2776 988 2815 17—33‚
1013 2775 1124 2817 prisca
1144 2775 1284 2808 dialecto
1307 2772 1598 2814 Neapolitanorum
1620 2771 1744 2812 scripta
1774 2770 1950 2804 Graessius
1969 2769 2054 2803 libro
2075 2779 2154 2803 suo:
2189 2770 2379 2812 ,Αἰαίη-180
2400 2781 2431 2804 z.

332 2836 451 2869 Litter.
473 2844 504 2866 u.
529 2833 639 2874 Sage“
655 2832 804 2872 inseruit,
830 2840 1037 2874 quorumque
1054 2831 1304 2865 translationem
1326 2827 1536 2861 vernaculam
1554 2826 1681 2859 iuvenis
1700 2825 1825 2859 amicus
1842 2829 1876 2858 et
1890 2824 1990 2858 huius
2007 2824 2145 2859 Atranei
2164 2824 2355 2867 discipulus,
2385 2825 2429 2860 Η.

333 2887 546 2932 Klinghardt‚
571 2887 648 2920 mihi
669 2886 811 2921 libenter
833 2886 1069 2929 suppeditavit.

365 2979 372 2986 ,
419 2944 481 2987 W)
503 2942 627 2974 Notum
649 2948 700 2974 est
719 2951 737 2973 e
760 2941 874 2975 Servio
896 2941 940 2973 ad
962 2943 1047 2975 Aen.
1071 2941 1111 2981 6,
1142 2941 1205 2974 862
1237 2939 1410 2982 Virgilium
1439 2947 1500 2980 pro
1529 2937 1594 2970 illis
1617 2934 1786 2972 versibus,
1817 2933 1874 2974 qui
1903 2932 2080 2966 memoriae
2107 2931 2259 2966 Marcelli
2287 2930 2430 2968 dedicati

331 3003 458 3040 essent,
481 2997 572 3040 gravi
595 3005 672 3030 aere
694 2994 853 3030 donatum
877 3005 962 3037 esse,
980 2994 1070 3039 quod
1083 2994 1206 3031 sensim
1227 3005 1266 3029 eo
1287 2998 1422 3029 auctum
1437 2996 1499 3034 est,
1514 2994 1552 3026 ut
1575 2982 1725 3025 nonnulli
1743 2987 1994 3029 contenderent,
2009 2986 2186 3030 Virgilium
2197 2994 2261 3029 pro
2277 2986 2342 3023 illis
2357 2999 2431 3027 να·-

331 3055 424 3089 sibus
447 3053 481 3086 in
506 3050 694 3084 libes-utem
707 3054 870 3084 assertum
892 3054 926 3084 et
942 3050 1057 3085 urbem
1070 3049 1235 3092 Neapolin
1250 3059 1324 3082 cum
1337 3047 1505 3091 provincis
1526 3044 1682 3079 Calabria
1704 3046 1742 3076 ut
1764 3043 1815 3076 sui
1836 3041 2175 3088 iurispossessionem
2191 3045 2328 3078 nactum
2345 3054 2432 3083 em,
