2781 3609
337 344 390 382 12

336 460 499 486 mmmm
529 461 692 489 aeneam
705 480 714 497 ,
740 463 842 500 quae
870 462 1006 490 omnes
1032 462 1189 491 muscas
1217 451 1269 492 ab
1297 452 1399 494 urbe
1425 450 1667 504 expellebat.
1695 477 1748 484 ——
1774 454 1824 496 In
1847 453 1986 497 eadem
2013 453 2114 497 urbe
2139 458 2350 504 macellum
2374 459 2436 503 sic

339 509 607 550 construxisse
635 509 778 559 fertur,
805 514 851 551 ut
876 511 988 552 nulla
1013 511 1070 553 ibi
1098 524 1191 556 caro
1223 516 1482 565 putresceret.
1509 536 1564 546 ——
1592 516 1743 560 Narrat
1777 519 1898 561 etiam
1922 518 2148 561 Alexander
2172 518 2354 576 Nequam
2390 524 2439 567 in

341 573 449 615 libro
483 575 533 616 de
569 576 725 616 naturis
759 588 911 624 rerum,
944 577 1052 628 quod
1089 579 1278 617 macellum
1305 580 1619 632 Neapolitanum
1659 600 1798 628 carnes
1829 588 1986 629 illaesas
2021 601 2046 628 a
2080 584 2332 640 corruptione
2365 592 2436 634 diu

342 653 502 682 servare
529 656 610 682 non
633 646 809 693 poterat:
837 642 908 683 wd
933 643 1038 684 hanc
1060 644 1426 688 incommoditatem
1439 646 1832 704 prudentiavVirgilii
1848 653 2005 704 excepit
2017 652 2437 700 recludentis=oamem

336 706 472 746 nescio
496 720 575 759 qua
600 707 638 746 vi
666 706 882 768 herbarum
909 708 1131 750 conditam:
1167 722 1269 761 quae
1309 714 1538 767 quingentis
1574 716 1691 756 annis
1726 717 1874 769 elapsis
1908 720 2180 761 recentissima
2213 723 2274 762 et·
2291 722 2434 773 optimi

340 770 494 821 saporis
520 770 712 811 suavitate
740 771 1067 812 commendabilis
1092 776 1253 823 reperta
1288 780 1359 819 est.
1386 800 1440 808 —
1475 777 1668 830 Neapolis
1706 794 1796 822 cum
1830 782 1942 824 letali
1979 788 2091 836 peste
2125 789 2431 839 eoeayutsuqoe-um

338 838 568 882 vexaretur,
595 834 768 876 liberata
794 839 857 876 est
881 836 932 877 ab
958 850 1003 877 eo
1031 848 1119 876 cum
1146 838 1385 891 sanguisuga
1421 851 1544 891 aurea
1572 841 1764 892 ‘proiecta
1796 843 1841 884 in
1872 849 2054 896 puteum:
2089 861 2169 900 qua
2203 852 2293 901 post
2329 849 2436 890 mul.⁴

338 904 470 942 torum
496 916 692 943 annorum
719 904 959 943 curriculum
990 907 1170 945 extracta
1195 919 1221 946 a
1246 909 1367 956 puteo
1391 908 1559 958 purgato
1579 906 1883 950 innumerabilis
1895 912 2222 965 sanguisugarum
2233 916 2439 958 exercitus

342 967 516 1007 civitatis
542 981 666 1018 aquas
699 964 873 1020 invasit,
900 981 974 1008 nec
1009 967 1121 1017 prius
1155 969 1280 1019 pestis
1313 969 1443 1020 potuit
1477 968 1629 1018 sedari,
1661 984 1782 1023 quam
1811 973 1900 1015 illa·
1917 977 2155 1030 sanguisuga
2188 979 2232 1020 in
2266 979 2434 1023 fundum,

339 1031 515 1073 eiusdem
551 1032 664 1083 putei
700 1032 938 1073 mitteretur.
978 1054 1023 1060 -
1062 1030 1269 1073 Praefatus
1306 1032 1427 1072 etiam
1451 1032 1678 1075 Alexander
1701 1033 1879 1087 Nequam
1916 1041 2073 1088 narrat,
2103 1039 2211 1092 quod
2237 1041 2433 1096 Virgilius

339 1099 486 1136 hortum
514 1109 628 1136 suum
654 1099 748 1137 aere
775 1095 967 1136 immobili
993 1096 1119 1135 vicem
1147 1097 1254 1136 muri
1295 1097 1499 1138 obtinente
1530 1100 1701 1140 munivit
1734 1105 1774 1141 et
1809 1102 1975 1143 ambivit
2007 1107 2049 1143 et
2083 1108 2246 1155 pontem
2279 1107 2430 1147 aerium

338 1162 577 1209 construxit,
607 1162 719 1201 cuius
745 1159 936 1201 beneficio
962 1160 1050 1200 loca
1076 1159 1278 1201 destinata
1304 1172 1377 1210 pro
1404 1159 1573 1202 arbitrio
1608 1175 1701 1203 suae
1738 1163 1951 1205 voluntatis
1986 1164 2097 1218 adire
2134 1167 2348 1220 consuevit.
2374 1191 2430 1198 -—

340 1228 554 1281 Campanile
580 1226 776 1280 quoddam
799 1226 856 1267 sic
884 1225 1032 1266 dicitur
1058 1225 1344 1274 construxisse,
1369 1228 1414 1264 ut
1440 1226 1563 1266 turris
1590 1226 1678 1279 ipsa
1704 1228 1870 1280 lapidea,
1886 1229 2026 1271 eodem
2053 1231 2170 1272 modo
2196 1235 2431 1282 moveretur,

335 1306 458 1344 quam
485 1305 714 1342 campanae,
742 1291 838 1330 dum
863 1291 1131 1341 pulsarentur.
1160 1315 1215 1320 ——
1233 1291 1406 1330 Hortum
1431 1291 1631 1340 quendam
1658 1293 1798 1335 fecisse
1824 1295 1990 1346 legitur,
2018 1300 2063 1336 ut
2077 1297 2257 1337 ineontm
2270 1299 2425 1348 plueret.

339 1358 400 1398 De
426 1360 561 1397 balneis
586 1357 670 1398 eius
694 1357 799 1396 mira
825 1359 867 1396 et
891 1355 1146 1400 incredibilia
1181 1357 1406 1396 narrantur.
1433 1378 1485 1384 —
1515 1354 1700 1397 Creditur
1737 1358 1858 1399 etiam
1891 1358 2040 1400 factum
2075 1359 2126 1401 ab
2162 1373 2209 1401 eo
2246 1359 2289 1400 id
2321 1359 2428 1412 quod

340 1423 487 1465 dicitur
506 1424 655 1463 salvatio
672 1423 820 1462 Romae.
877 1421 977 1462 Erat
1004 1421 1047 1461 in
1074 1421 1222 1473 templo
1250 1419 1420 1473 quodam
1443 1422 1690 1462 consecratio
1706 1425 1946 1468 statuarum:
1974 1437 2077 1477 quae
2102 1429 2267 1466 statuae*
2280 1426 2429 1477 scripta

304 1517 312 1524 ·
344 1489 506 1531 nomina
532 1490 576 1529 in
593 1492 755 1540 pectore
783 1488 928 1540 gentis,
948 1487 1058 1526 cuius
1084 1485 1298 1538 imaginem
1325 1485 1534 1533 tenebant,
1555 1488 1765 1539 gestabant
1787 1494 1828 1530 et
1845 1490 2156 1532 tintinnabulum
2170 1505 2427 1544 unaquaeque

333 1562 466 1599 statua
493 1556 545 1598 ad
573 1555 719 1597 collum
746 1554 930 1595 habebat.
989 1553 1195 1605 Erantque
1234 1550 1458 1593 sacerdotes
1491 1550 1560 1592 ‚die
1594 1556 1791 1606 noctuque
1826 1567 1983 1607 semper
2006 1555 2234 1609 vigilantes,
2260 1555 2329 1608 qui
2356 1569 2425 1597 eas

335 1621 632 1668 custodiebant,
661 1624 701 1660 et
727 1633 828 1672 quae
855 1632 951 1671 gens
974 1620 1018 1657 in
1045 1617 1303 1659 rebellionem
1336 1631 1497 1671 surgere
1529 1620 1749 1661 conabatur·
1784 1626 1923 1663 contra
1957 1622 2169 1674 imperium
2193 1622 2429 1671 Romanum,

335 1694 470 1731 statua
496 1689 603 1729 illius
629 1687 948 1729 commovebatur
974 1690 1015 1727 et
1041 1685 1355 1727 tintinnabulum
1382 1686 1491 1727 illius
1518 1685 1751 1728 movebatur
1776 1687 1820 1726 in
1855 1687 1957 1728 collo
1982 1688 2067 1729 eius
2103 1679 2147 1730 et
2178 1691 2311 1729 statua
2335 1688 2425 1739 ipsa

331 1768 427 1796 mox
452 1753 623 1807 digitum
648 1752 820 1793 indicem
847 1750 1112 1803 protendebat
1137 1764 1273 1792 versus
1296 1750 1406 1790 illam
1438 1753 1599 1803 gentem
1623 1754 1664 1791 et
1686 1764 1821 1792 versus
1846 1764 1990 1792 nomen
2009 1752 2117 1793 illius
2144 1753 2292 1806 gentis,
2316 1753 2422 1805 quod

330 1819 377 1861 in
390 1832 440 1861 ea
458 1821 545 1859 erat
565 1817 777 1868 scriptum:
805 1815 911 1868 quod
926 1828 1070 1855 nomen
1095 1815 1288 1866 scriptum
1305 1813 1488 1854 sacerdos
1515 1815 1764 1867 principibus
1789 1816 2027 1868 deportabat
2052 1822 2094 1858 et
2115 1832 2208 1861 mox
2226 1820 2423 1860 exercitus

329 1884 384 1923 ad
414 1897 501 1922 eam
527 1886 686 1934 gentem
710 1880 1004 1931 reprimendam
1031 1881 1278 1922 mittebatur.
1308 1905 1360 1911 —
1390 1881 1468 1922 Hic
1497 1883 1658 1933 scripsit
1684 1884 1807 1925 libros
1832 1888 1915 1926 tres
1941 1885 2166 1936 bucolicon,
2200 1887 2420 1939 georgicon,

327 1947 537 1991 Aeneidos.
592 1945 706 1986 Vixit
731 1948 865 1986 autem
891 1944 1007 1984 annis
1033 1943 1129 1984 LIII
1156 1948 1198 1984 et
1226 1943 1442 1986 Brundusii
1470 1945 1581 1987 obiit.
1638 1944 1736 1985 Ossa
1755 1958 1847 1986 vero
1883 1945 1967 1987 eius
1993 1946 2200 1997 Neapolim
2227 1949 2420 1989 translata

330 2020 432 2057 sunt.
489 2014 641 2055 Claruit
666 2016 802 2053 autem
828 2015 1006 2062 tempore
1034 2011 1246 2061 Pompeii.“
2084 2038 2089 2044 .
2464 2003 2466 2005 ’

385 2081 409 2116 2'
437 2077 689 2119 Praeterhos
703 2076 824 2116 etiam
837 2075 1014 2116 libellus:
1035 2075 1294 2123 „Historia
1322 2076 1521 2123 septem
1549 2072 1865 2125 sapientum‘2
1888 2075 1958 2116 illa
1977 2076 2255 2118 miraculorum
2274 2064 2422 2130 cupida

334 2149 466 2186 aetate
480 2143 595 2184 valde
610 2143 812 2183 lectitatus
830 2142 898 2182 hic
909 2140 1271 2182 commemorandus
1288 2142 1358 2187 est,
1368 2138 1439 2190 qui
1455 2142 1619 2189 propter
1636 2140 1860 2194 argumenti
1878 2141 2112 2183 suavitatem
2124 2156 2171 2184 ac
2186 2144 2420 2186 varietatem

328 2224 454 2263 aeque
479 2208 659 2260 imperiti
683 2206 790 2259 vulgi
816 2210 935 2258 atque
963 2205 1206 2246 eruditorum
1233 2204 1440 2244 hominum
1467 2206 1623 2245 animos
1650 2204 1764 2245 valde
1792 2204 1887 2245 olim
1913 2207 2102 2260 captavit,
2131 2213 2176 2247 ut
2201 2209 2346 2249 sensim
2371 2210 2414 2250 in

329 2277 466 2328 plures
492 2275 736 2316 recentiores
759 2274 917 2326 linguas
941 2273 1157 2314 translatus
1182 2278 1301 2324 atque
1329 2276 1469 2313 auctus
1499 2269 1731 2311 celebritate
1758 2283 1829 2310 sua
1854 2274 1896 2310 et
1922 2270 2098 2312 efficacia
2131 2273 2254 2314 libros
2283 2287 2418 2317 sacros

334 2344 417 2383 fere
447 2345 652 2382 assecutus
671 2353 775 2387 esse,
803 2339 986 2379 classicos
1011 2351 1122 2385 vero,
1150 2351 1247 2390 quos
1262 2337 1419 2387 dicunt,
1447 2347 1656 2386 superasse
1680 2333 1913 2388 videatur.*)
1939 2334 1980 2374 Si
2006 2336 2127 2376 etiam
2140 2330 2246 2394 hunc
2258 2338 2416 2389 librum,

328 2407 398 2459 qui
426 2407 524 2446 duas
551 2409 707 2446 tantum
732 2405 782 2446 de
810 2405 981 2458 Virgilio
1009 2405 1176 2446 fabellas
1203 2405 1390 2453 continet,
1416 2405 1523 2443 inter
1536 2399 1666 2440 fontes
1680 2400 1890 2449 primarios
1903 2400 2151 2442 referendum
2168 2402 2253 2444 esse
2269 2406 2414 2454 censui,

326 2473 419 2513 nolo
451 2477 585 2512 tamen
613 2471 799 2519 infitiari,
836 2471 879 2510 in
907 2484 955 2512 eo
981 2471 1127 2523 magis,
1159 2485 1278 2523 quam
1303 2472 1347 2512 in
1374 2470 1537 2515 ceteris,
1578 2466 1707 2507 libero
1734 2466 1847 2518 quasi
1873 2467 2021 2520 ingenii
2058 2469 2193 2510 volatu
2218 2483 2282 2511 res
2309 2484 2411 2512 com—

324 2539 533 2581 menticias
559 2537 724 2589 produci
760 2541 802 2577 et
828 2550 878 2579 ne
907 2536 1127 2588 periculum
1155 2537 1315 2589 quidem
1342 2537 1393 2577 ab
1420 2537 1584 2577 auctore
1612 2532 1700 2573 fieri
1728 2531 1822 2573 fidei
1847 2533 1926 2573 suis
1952 2533 2170 2574 historiolis
2195 2535 2418 2587 faciendae,

323 2604 382 2643 ita
408 2607 452 2642 ut
481 2602 613 2653 potius
640 2600 777 2641 fabula
803 2599 1082 2648 Romanensis,
1125 2613 1243 2651 quam
1270 2600 1389 2640 hodie
1416 2599 1572 2647 dicunt,
1612 2611 1733 2649 quam
1757 2597 1969 2644 chronicon
1996 2599 2186 2640 historica
2222 2599 2416 2653 dignitate

436 2783 470 2832 ⁴)
493 2792 545 2823 Ita
561 2791 677 2824 saltem
702 2789 872 2823 contendit
894 2789 1036 2822 Goerres
1054 2788 1131 2829 „die
1154 2789 1328 2822 teutschen
1354 2789 1607 2823 Volksbucher“
1634 2799 1678 2822 no
1699 2790 1750 2823 22.
1794 2790 1966 2832 Inscriptio
1988 2792 2085 2825 huius
2106 2792 2209 2826 libelli
2230 2793 2264 2826 in
2286 2801 2414 2834 germa-

324 2846 400 2880 nica
420 2846 613 2879 recensione
637 2850 702 2878 est:
729 2845 815 2886 „Die
831 2844 946 2878 sieben
969 2844 1087 2877 weisen
1110 2840 1263 2885 Meister}
1284 2842 1344 2875 wie
1368 2840 1550 2875 Pontianus
1574 2841 1635 2876 der
1658 2842 1777 2875 Kaisar
1799 2853 1840 2875 zu
1853 2842 1937 2876 Rom
1957 2844 2071 2877 seinen
2094 2845 2177 2879 sohn
2190 2844 2416 2878 Diocletianus

322 2901 389 2935 den
414 2901 524 2933 sieben
550 2901 668 2933 weisen
690 2901 850 2934 Meistern
873 2899 1025 2939 befiehlt,
1057 2899 1110 2934 die
1132 2900 1245 2933 sieben
1277 2900 1382 2933 t'reien
1403 2899 1536 2933 Kunste
1556 2910 1599 2932 zu
1628 2900 1743 2933 lernen
1769 2899 1835 2933 und
1865 2900 1924 2934 wie
1955 2900 2106 2934 derselbe
2134 2900 2281 2934 hernach
2311 2899 2414 2933 durch

322 2956 455 2991 Untreu
478 2955 585 2989 seiner
611 2954 809 2989 stiefmutter
831 2954 899 2988 und
922 2955 993 2988 ihre
1015 2954 1222 2989 Gleichnisse
1244 2954 1425 2988 siebenmal
1457 2963 1530 2986 zum
1555 2953 1683 2995 Galgen
1715 2954 1883 2995 gefuhret,
1908 2955 1989 2988 aber
2010 2955 2140 2991 allemal
2163 2955 2267 2987 durch
2293 2954 2415 2987 echone

322 3011 530 3046 Gleichnisse
551 3011 611 3044 der
636 3011 748 3044 sieben
770 3013 888 3045 weisen
912 3005 1050 3045 Meister
1072 3021 1146 3044 vom
1170 3010 1261 3044 Tode
1285 3013 1424 3042 errettet
1438 3008 1513 3041 ‘und
1537 3009 1590 3042 ein
1614 3010 1806 3052 gewaltiger
1826 3011 1947 3044 Kaiser
1968 3022 2009 3044 zu
2033 3011 2118 3044 Rom
2140 3009 2265 3043 ward.“
2289 3009 2418 3044 etad.

319 3066 451 3101 Keller}
475 3067 521 3107 „li
547 3066 694 3101 Romans
716 3066 757 3099 de
780 3072 889 3108 septcs
911 3068 1032 3109 sages“
1056 3070 1089 3100 et
1112 3065 1276 3100 eiusdem:
1302 3065 1542 3108 „Dyocletians
1564 3065 1678 3100 Leben
1706 3076 1768 3100 von
1791 3066 1885 3101 Hans
1911 3077 1975 3101 von
1995 3066 2127 3100 Bnhel“
2147 3065 2240 3100 1841.
