2781 3609
340 446 486 488 caedes
512 447 672 489 fiebant.
734 447 913 498 Apparet
936 447 1042 488 hanc
1069 446 1154 487 ludi
1171 445 1387 488 enimenim
1412 446 1703 487 institutionem
1728 459 1779 487 ex
1802 446 1990 498 opinione
2022 449 2133 491 illius
2167 455 2313 496 aetatis
2337 453 2431 497 vir.

339 510 440 564 gilio
466 525 556 553 eam
581 515 737 553 tantum
764 512 813 552 ob
842 524 1003 553 causam
1030 510 1272 553 ath-ibutam
1298 521 1402 557 esse,
1422 511 1470 549 ut
1494 509 1538 550 in
1565 522 1731 552 mero
1749 522 1885 553 renum
1897 512 2149 565 popularium
2160 518 2267 560 etad
2283 520 2431 563 civium

342 575 586 617 volumem
614 577 675 617 vel
701 576 1009 618 oblectationem
1020 574 1335 629 pertinentium,
1360 577 1406 613 ut
1431 574 1490 614 ita
1515 587 1567 615 ex
1579 575 1959 627 prover-hindam,
1995 590 2202 630 campane
2213 582 2429 634 animost-

338 653 479 683 eenses
505 642 723 685 adessent-
754 642 917 683 Constat
940 643 1050 695 enim
1077 642 1192 683 ludos
1219 639 1420 693 gymnicos
1453 639 1534 679 iam
1567 640 1678 691 apud
1713 642 2016 684 veteresltalos
2053 643 2288 686 adsumet
2311 648 2434 703 longa

338 716 538 746 morum
561 705 661 746 serie
688 687 881 758 repetitos
907 715 1004 748 esse.
1059 705 1236 746 Priscum
1263 714 1354 743 vero
1380 702 1488 743 illius
1514 701 1839 744 carbonan'ilndi
1858 705 1974 757 quad
1988 704 2216 757 exemplum
2227 705 2436 753 Sfflenn

340 768 451 808 loeus
478 767 542 819 (V,
569 772 621 817 4),
649 768 699 807 de
724 767 999 819 Neapolitanis
1025 766 1247 812 narrantis,
1279 764 1472 813 praebere
1512 766 1694 830 videtur:
1729 770 1866 815 „Neri
1889 770 1936 811 δὲ
1962 770 2062 846 (scil.
2084 770 2255 824 Augusti
2280 770 2432 827 anate)

341 833 631 886 πεντετηρικὸς
650 828 760 887 ἀγὼν
777 834 1035 875 συντελεῖται
1060 827 1160 886 παρ’
1191 824 1350 876 αὐτοῖς,
1374 826 1577 878 μουσικός
1590 843 1636 870 τε
1652 844 1724 870 και
1735 830 1930 882 γυμνικὸς
1962 831 2035 873 ἐπὶ
2063 830 2238 881 πλείους
2250 829 2422 888 ἡμέρας,

337 894 564 949 ἐνάμιλλος
588 898 677 945 τοῖς
704 892 1060 951 ἐπιφανεστάτοις
1088 893 1167 935 τῶν
1198 887 1303 929 κατὰ
1332 886 1405 941 τὴν
1429 884 1655 933 Ἑλλάδα.“

945 972 1017 1004 lx.
1051 968 1233 1010 Virgilius
1254 966 1394 1000 tumn
1419 968 1597 1003 mobilem
1627 973 1818 1008 ament.

445 1031 555 1071 Haec
601 1029 737 1070 fabula
770 1026 1015 1068 solummodo
1055 1025 1105 1065 ab
1148 1024 1375 1070 Helinandm
1423 1037 1541 1076 (1110111
1576 1028 1788 1070 Vincentius
1817 1030 1862 1071 in
1897 1030 2057 1081 speculo
2092 1042 2167 1071 suo
2203 1030 2424 1083 exscripsit,

335 1096 488 1137 tradita
510 1099 580 1137 est
644 1094 813 1146 Neapoli
839 1093 1031 1145 Virgilius
1068 1089 1230 1136 turrim,
1267 1088 1310 1128 in
1348 1088 1459 1129 cuius
1494 1089 1653 1145 fastigio
1690 1107 1903 1146 campanae
1938 1107 2151 1146 suspensae
2198 1100 2333 1146 erant,
2368 1097 2428 1139 ita

337 1161 619 1203 exstruendam
642 1163 864 1206 curaverat,
900 1162 945 1197 ut
982 1156 1119 1197 eodem
1154 1157 1351 1203 tempore,
1387 1166 1465 1204 quo
1502 1155 1596 1197 illae
1630 1150 1889 1207 iactarentur,
1923 1161 2044 1201 turris
2068 1160 2214 1201 ictibus
2238 1173 2428 1212 percussa

334 1229 534 1274 vibraret,
563 1228 674 1267 cuius
690 1227 749 1268 rei
772 1224 979 1267 consilium
995 1221 1195 1276 quoddam
1222 1219 1306 1259 iure
1321 1217 1588 1270 desideratur,
1613 1236 1704 1264 cum
1724 1228 1844 1275 poeta
1856 1226 1998 1267 ceteris
2017 1225 2098 1266 illis
2117 1226 2319 1268 miraculis
2339 1227 2424 1270 fere

333 1293 521 1335 omnibus
546 1292 678 1342 aliquo
701 1290 818 1331 modo
848 1290 992 1330 civium
1021 1288 1140 1329 saluti
1168 1285 1361 1328 inservire
1389 1285 1558 1329 voluisse
1586 1288 1778 1343 fingatur,
1804 1295 1922 1344 atque
1950 1292 2026 1333 hac
2052 1292 2142 1344 ipsa
2166 1305 2212 1334 re
2245 1293 2429 1336 omnibus

334 1360 482 1401 ceteris
492 1357 812 1403 incantatoribus,
824 1369 935 1395 suam
948 1356 1124 1405 ipsorum
1135 1353 1252 1392 modo
1267 1353 1435 1404 gloriam
1448 1354 1511 1394 vel
1525 1355 1769 1405 voluptatem
1782 1357 2074 1408 quaerentibus,
2089 1357 2312 1399 antecellat.
2331 1357 2429 1399 Cae-

334 1429 465 1466 terum
479 1423 606 1463 bonus
626 1421 693 1461 ille
712 1422 926 1462 Vincentius
941 1418 1000 1459 rei
1025 1417 1233 1458 veritatem
1259 1416 1310 1457 ob
1325 1429 1413 1457 eam
1427 1430 1549 1458 unam
1576 1432 1735 1460 causam
1753 1420 1979 1471 addubitat,
1994 1421 2107 1475 (111οᾶ
2123 1421 2283 1476 Virgilii
2294 1426 2427 1466 aetate

333 1501 616 1542 campanarum
653 1498 746 1525 usus
780 1484 956 1524 nondum
983 1482 1219 1543 innotuerit,
1254 1482 1360 1534 quod
1400 1483 1562 1535 quidem
1589 1486 1627 1525 ei
1661 1487 1955 1529 concedendum
1983 1494 2060 1539 est,
2097 1502 2187 1531 cum
2212 1489 2426 1543 Gregorius

332 1554 571 1596 Turonensis
597 1552 646 1603 (c.
671 1551 766 1603 580)
788 1550 942 1600 primus
969 1560 1251 1599 campanarum
1278 1548 1521 1588 mentionem
1547 1548 1686 1591 fecisse
1712 1552 1902 1594 videatur.
1956 1554 2088 1594 Aliam
2112 1568 2207 1596 vero
2235 1556 2421 1596 historio-

332 1621 430 1669 lam,
458 1620 502 1660 in
529 1631 608 1670 qua
637 1629 851 1667 campanae
879 1613 941 1655 vel
970 1613 1101 1664 potius
1125 1611 1398 1654 tintinnabula
1423 1613 1649 1657 mirabilem
1674 1616 1728 1658 ad
1755 1631 1869 1659 usum
1892 1618 2094 1661 adhibitae
2121 1634 2211 1662 esse
2227 1619 2423 1670 dicuntur,

333 1686 441 1727 insta
466 1685 510 1724 in
535 1681 786 1724 recensendis
814 1679 1004 1720 Romanis
1030 1678 1079 1718 de
1109 1676 1284 1729 Virgilio
1311 1677 1456 1719 fabulis
1483 1692 1714 1731 proponam.

425 1761 476 1796 X.
499 1760 684 1801 Virgilius
712 1758 864 1792 hortum
888 1758 1065 1792 aedificat
1086 1755 1293 1789 miraculis
1315 1756 1467 1799 plenum
1490 1758 1529 1791 et
1551 1759 1717 1793 sutum
1738 1760 1896 1794 Favonii
1917 1760 2074 1794 ardores
2097 1745 2378 1804 prohibentem.

440 1814 541 1856 Fere
565 1826 700 1853 omnes
715 1812 948 1862 scriptores,
976 1812 1045 1864 qui
1073 1812 1150 1851 huc
1178 1810 1404 1860 pertinent,
1440 1811 1509 1852 de.
1528 1811 1598 1853 illo
1625 1812 1743 1854 horto
1769 1814 1922 1866 aliquid
1949 1829 2172 1857 narravere.
2238 1818 2425 1858 Ome-adas

332 1879 493 1921 hortum
517 1877 679 1931 quidem
715 1878 843 1928 ipsum
880 1889 960 1917 non
1001 1878 1303 1924 commemorat,
1339 1879 1511 1917 statuam
1549 1891 1642 1919 vero
1679 1879 1891 1932 sagittiferi
1927 1880 2114 1930 hominis,
2147 1894 2249 1933 quae
2284 1885 2424 1925 contra

331 1945 494 1986 Vesuvii
520 1945 633 1997 ignes
660 1958 685 1985 a
712 1944 882 1996 Virgilio
908 1940 1091 1992 opposita
1118 1944 1247 1988 esset,
1284 1940 1530 1990 describens,
1563 1943 1687 1984 etiam
1723 1945 1837 1985 illum
1863 1945 2021 1987 hortum
2047 1947 2217 1986 intrasse
2242 1946 2423 1999 videtur3

331 2011 536 2051 Ger-meins
561 2010 755 2057 affimat,
783 2009 895 2049 illum
921 2008 1080 2047 hortum
1110 2005 1183 2045 sub
1213 2005 1416 2046 radicibus
1437 2008 1584 2048 montis
1594 2008 1806 2062 Virginum
1824 2009 1943 2050 situm
1966 2011 2178 2063 multisque
2207 2012 2423 2054 herbarum

331 2075 563 2130 generibus,
599 2075 706 2115 inter
731 2074 812 2116 alis,
839 2073 964 2114 herba
990 2071 1103 2112 Lucii
1132 2071 1329 2112 consitum
1356 2071 1498 2121 fuisse,
1537 2076 1578 2114 et
1609 2072 1653 2114 in
1690 2086 1738 2114 eo
1765 2076 1938 2115 statuam
1963 2075 2150 2118 tubicinis
2176 2079 2421 2130 collocatam,

331 2155 436 2195 quae
459 2142 519 2190 „vi
547 2141 755 2182 mathesis“
783 2140 970 2181 ardentes
996 2141 1036 2179 et
1063 2137 1160 2178 Noti
1185 2140 1228 2177 et
1253 2138 1401 2178 montis
1429 2138 1619 2191 ignivomi
1646 2139 1795 2180 halitus
1819 2140 2046 2192 repelleret,
2076 2138 2166 2183 cum
2194 2145 2350 2187 Neam
2373 2158 2419 2186 re

331 2208 414 2247 iam
438 2206 594 2245 variata
621 2205 787 2252 referat,
825 2208 957 2244 vatem
985 2203 1145 2249 hortum
1175 2202 1288 2243 suum
1314 2196 1406 2245 aere
1440 2204 1567 2244 vicem
1604 2205 1708 2244 muri
1741 2206 1944 2247 obtinente
1985 2209 2196 2250 munivisse
2231 2213 2274 2250 et
2296 2214 2418 2261 ponte

328 2273 441 2315 aerio
459 2285 548 2313 cum
566 2271 711 2312 vicinia
734 2269 1002 2317 coniunxisse,
1034 2269 1269 2321 Aliprandus
1288 2283 1380 2310 vero
1400 2269 1642 2311 Mantuanus
1664 2269 1763 2311 adeo
1789 2270 1839 2313 de
1866 2273 1956 2314 navi
1981 2273 2154 2326 quadam
2181 2274 2419 2321 31111313δο-

331 2338 457 2385 letur,
495 2336 665 2388 denique
692 2336 925 2375 Helinandus
952 2335 1002 2376 de
1029 2335 1148 2375 horto
1185 2334 1285 2374 nihil
1322 2335 1432 2375 aliud
1467 2336 1723 2387 compererit,
1759 2349 1876 2388 quam
1909 2338 2014 2391 quod
2051 2339 2094 2379 111
2131 2352 2200 2394 00,
2216 2335 2421 2393 nunquam

330 2404 508 2455 pluisset.
545 2403 733 2442 Villam‘ue
754 2413 847 2440 vero
873 2412 959 2450 cap.
980 2404 1032 2441 24
1061 2401 1141 2440 ita:
1170 2400 1388 2447 „Maximus
1414 2403 1456 2440 et
1480 2400 1841 2450 praestantissimis
1868 2403 2044 2442 omnium
2069 2406 2279 2454 poetarum
2303 2406 2425 2445 etiam

330 2467 552 2510 valetudini
579 2466 724 2506 civium
749 2469 1028 2515 prospecturus
1053 2469 1142 2507 erat
1166 2465 1407 2506 salutaribus
1432 2465 1514 2505 illis
1541 2464 1677 2506 herbis
1699 2467 1962 2516 arcessendis,
1988 2482 2090 2520 quae
2107 2467 2160 2509 ad
2177 2468 2425 2515 medicorum

330 2534 513 2587 potiones
538 2543 729 2582 sucosque
757 2530 1003 2576 necessariae
1032 2530 1196 2583 quidem
1223 2530 1292 2572 sed
1318 2530 1594 2572 remotissimis
1621 2530 1737 2571 terris
1759 2530 1825 2571 1110
1848 2530 1931 2572 11110
1954 2533 2232 2583 provenientes
2248 2534 2422 2577 maxime
2474 2543 2482 2553 ·

329 2600 459 2655 calisto
492 2598 589 2639 anni
623 2601 804 2647 tempore
840 2597 947 2647 apud
986 2597 1107 2637 Italos
1141 2597 1271 2637 rarius
1306 2597 1369 2638 vel
1404 2596 1525 2648 plane
1557 2609 1637 2636 non
1672 2596 1935 2637 inveniuntur.
1999 2596 2127 2645 Quam
2157 2599 2208 2640 ob
2235 2612 2322 2640 rem
2345 2600 2420 2641 s'ub

331 2669 450 2706 m
481 2665 652 2715 Virytmte
678 2675 800 2712 supra
825 2661 955 2702 vicum
984 2662 1197 2702 Avellinum
1225 2667 1266 2702 et
1294 2663 1586 2702 Merchoziamm
1611 2661 1834 2702 mirabilem
1860 2660 2021 2702 hortum
2038 2662 2263 2706 salubribus
2282 2665 2422 2706 herbis

331 2730 527 2772 consitum
538 2727 754 2784 plantayit-
783 2739 903 2779 quem
916 2726 985 2778 qui
998 2727 1150 2768 intrare
1165 2726 1333 2772 vellent,
1360 2730 1406 2768 ut
1432 2739 1506 2778 pro
1525 2726 1696 2780 aegrotis
1713 2727 1858 2769 herbas
1875 2726 2155 2779 decerperent,
2181 2728 2299 2772 facile
2314 2729 2422 2772 viam

330 2796 581 2847 repererunt,
605 2793 674 2845 qui
700 2795 834 2833 autem
859 2791 1003 2831 herbas
1030 2791 1198 2832 evellere
1225 2791 1391 2840 vellent,
1417 2795 1463 2832 ut
1487 2793 1594 2833 horti
1620 2792 1746 2833 solum
1770 2792 1823 2833 ad
1838 2792 1988 2834 alienos
2005 2806 2100 2834 usus
2121 2794 2216 2845 pala
2228 2794 2422 2845 foderent,

331 2873 384 2902 eo
410 2858 629 2910 profecturi
664 2857 772 2898 nullo
808 2856 925 2898 modo
961 2856 1121 2897 hortum
1146 2871 1315 2909 usquam
1341 2857 1638 2908 conspiciebant
1663 2871 1711 2898 30
1737 2871 1788 2899 110
1813 2859 2015 2900 tramitem
2048 2859 2213 2911 quidem
2245 2858 2420 2900 invenie-

332 2924 452 2973 bant,
479 2924 549 2975 qui
571 2922 666 2963 illuc
693 2922 866 2966 duceret.
921 2921 1056 2964 Etiam
1083 2925 1220 2965 nostro
1246 2924 1426 2975 tempore
1448 2922 1506 2964 ibi
1532 2922 1723 2966 salutares
1749 2926 1791 2972 et
1816 2922 1970 2965 validae
1996 2922 2146 2966 herbae
2162 2921 2276 2975 larga
2301 2923 2418 2975 eopia

329 2991 706 3105 vaellalgniingula
726 3051 954 3105 diligentius
979 3052 1249 3105 inspiciamus.
1302 3050 1363 3091 De
1390 3048 1460 3091 ino
1486 3054 1618 3093 monte
1645 3050 1824 3105 Virginis
1848 3053 1996 3100 (flente
2013 3052 2195 3102 Verque)
2212 3049 2419 3104 fingenius
