2781 3609
281 340 382 382 ‚18

333 454 479 485 norum
504 443 717 495 imperium
743 442 810 482 vix
836 453 1012 494 unquam
1038 453 1064 482 a
1079 453 1282 494 quoquam
1300 440 1407 482 ferro
1424 440 1539 482 subdi
1560 442 1764 494 potuisse“,
1789 443 1900 484 cuius
1919 444 1980 485 rei
2000 446 2192 489 meritum
2205 450 2425 503 antiquitus

336 507 516 555 Aeneae,
551 507 682 558 prisco
710 506 769 546 illi
796 505 1019 559 Virgiliano
1044 506 1175 555 heroi,
1210 507 1360 560 quippe
1386 506 1456 558 qui
1479 507 1636 549 moenia
1659 507 1771 549 urbis
1796 521 1916 560 quam
1950 507 2123 550 maxime
2145 509 2265 563 firm
2288 513 2423 556 oonffi.

333 574 460 616 disset
473 606 482 622 ,
509 573 675 626 posthac
701 572 872 625 Virgilio
896 573 975 624 ipsi
1000 573 1140 615 deberi
1162 574 1371 626 putabant.
1432 570 1614 614 Profecto
1641 572 1763 613 etiam
1788 575 1874 614 tum
1896 573 2012 614 annis
2039 575 2219 616 1134—7
2232 573 2239 581 “
2254 590 2305 621 ea
2327 579 2424 622 urbs

335 653 364 682 a
389 639 531 693 Sergio
556 638 727 680 militum
762 636 954 691 magistro
988 636 1147 680 sortiter
1182 639 1344 681 defensa
1380 638 1486 691 regis
1512 637 1673 689 Rogerii
1708 637 1903 689 impetum
1935 640 2043 679 terra
2075 640 2425 692 marique-victrix

330 706 546 758 repulerat.
610 706 816 752 Conradus,
858 703 927 756 qui
956 705 1157 757 ampullae
1183 705 1423 748 mentionem
1444 703 1560 751 facit,
1602 715 1683 744 11011
1709 702 1794 743 81110
1819 702 1991 756 quadam
2017 706 2269 758 superbiente
2293 707 2424 752 1101110,

330 772 384 815 de
410 773 485 814 hac
508 785 552 813 re
577 770 732 818 scribit,
761 769 909 822 quippe
936 769 1043 823 quod
1069 783 1142 822 per
1169 771 1229 811 sui
1256 769 1448 821 principis
1476 768 1624 810 milites
1651 766 1751 808 illud
1777 768 1888 809 urbis
1910 769 2129 820 palladium
2151 771 2313 814 tandem
2337 771 2419 814 fra-

334 842 442 879 ctum
461 839 515 877 sit
541 841 582 878 et
603 836 738 885 addit,
757 833 921 888 Virgilii
944 836 1159 888 imaginem
1186 837 1228 875 in
1255 836 1326 875 illa
1351 834 1528 885 ampulla
1551 834 1743 875 inclusam
1768 833 1908 883 fuisse,
1934 848 2024 876 cum
2048 837 2118 878 alii
2142 837 2193 879 de
2216 850 2289 879 ovo
2307 835 2420 878 fabu-

329 904 474 945 lentur.
536 903 723 944 Villam‘us
759 912 854 939 vero
881 911 967 950 cap.
997 902 1044 940 31
1075 913 1161 941 rem
1188 900 1246 941 ita
1270 899 1414 940 tradit:
1443 899 1655 951 „Tempore
1674 898 1835 952 Virgilii
1852 900 2058 942 castellum
2077 905 2323 944 exstructum
2335 903 2422 942 erat

331 969 378 1009 in
405 981 505 1020 rupe
532 978 656 1019 prope
684 964 816 1012 littus,
844 964 951 1016 quod
964 964 1086 1005 Maris
1102 964 1312 1005 Castellum
1332 963 1527 1015 hodieque
1544 964 1788 1015 appellatur..
1816 963 1919 1005 Oum-
1932 964 2124 1018 Virgilius
2139 966 2223 1008 illic
2248 967 2421 1009 libenter

336 1035 666 1079 commoraretur,
694 1043 814 1071 ovum
840 1028 995 1081 magica
1020 1031 1104 1067 arte
1130 1029 1374 1079 praeditum,
1403 1028 1509 1081 quod
1527 1029 1678 1081 gallina
1696 1030 1870 1081 primum
1888 1029 2092 1079 edidisset,
2117 1045 2190 1083 per
2207 1036 2420 1086 angustum

330 1098 497 1150 lagenae
526 1096 672 1137 collum
700 1095 740 1135 vi
768 1094 904 1146 adegit
929 1106 1092 1144 eamque
1128 1093 1257 1134 ferreo
1295 1094 1467 1134 canistro
1493 1096 1646 1146 (yayia)
1672 1094 1860 1144 imposuit
1894 1096 2187 1136 accuratissime
2222 1095 2421 1144 confect03

332 1162 408 1202 hoc
436 1161 655 1201 canistrum
682 1160 843 1200 laminis
870 1157 1006 1197 ferreis
1033 1156 1105 1197 sub
1134 1157 1216 1198 ima
1244 1158 1411 1198 transtri
1434 1161 1549 1209 parte
1577 1157 1645 1210 figi
1672 1162 1712 1198 et
1738 1158 1860 1199 cellae
1887 1159 2090 1201 cuiusdam
2107 1160 2252 1211 parieti
2267 1160 2416 1211 apponi

334 1226 470 1275 iussit,
499 1226 569 1278 qui
593 1226 636 1266 111
662 1226 767 1266 1111110
795 1224 914 1264 finem
932 1220 1234 1273 diligentissime
1248 1226 1471 1264 exstructus
1497 1226 1594 1264 erat.
1637 1222 1785 1275 Magna
1799 1236 1891 1264 vero
1906 1223 2128 1264 ceremonia
2143 1229 2183 1266 et
2199 1224 2419 1266 attentione

328 1291 432 1333 illud
459 1303 557 1343 opus
594 1299 738 1329 arcano
767 1288 808 1325 et
833 1288 919 1336 tuto
957 1285 1043 1325 loco
1078 1286 1218 1327 ferreis
1252 1288 1380 1339 portis
1413 1288 1569 1328 occluso
1606 1288 1913 1329 custodiebatur.
1966 1287 2144 1341 Namque
2171 1291 2214 1332 in
2240 1290 2311 1331 illo
2336 1303 2418 1338 010,

329 1357 438 1410 quod
462 1356 628 1407 posthac
652 1351 813 1392 castello
840 1364 984 1391 nomen
1012 1351 1174 1405 dedit*),
1203 1366 1288 1393 sors
1317 1353 1468 1394 castelli
1481 1353 1605 1404 ipsius
1628 1352 1787 1393 omnino
1806 1351 2034 1393 vertebatur
2054 1357 2095 1393 et
2109 1354 2235 1395 nostri
2248 1356 2418 1396 maiores

330 1420 569 1467 credebant,
595 1418 670 1458 hoc
700 1414 906 1457 castellum
932 1415 1166 1457 inviolatum
1195 1414 1424 1459 mansurum
1453 1432 1557 1468 esse,
1585 1417 1717 1472 quoad
1743 1417 1842 1458 illud
1867 1430 1982 1458 ovum
2001 1423 2256 1462 servaretur.“
2309 1417 2418 1464 Haec

330 1483 543 1525 Villanius-
598 1479 733 1521 Facile
762 1481 823 1518 88¹³
848 1477 1073 1526 intellectu,
1118 1478 1292 1529 plurima
1319 1480 1361 1518 in
1387 1480 1462 1520 hac
1489 1481 1681 1522 relatione
1700 1482 1972 1522 additamenta
1992 1497 2076 1524 esse
2097 1498 2119 1525 e
2134 1486 2241 1538 vulgi
2260 1485 2418 1528 fictione

329 1553 417 1590 tum
444 1552 549 1594 orta,
576 1559 666 1586 cum
694 1543 885 1594 primaria
912 1543 1107 1583 mirabilis
1134 1544 1244 1584 illius
1283 1545 1344 1584 011
1381 1544 1617 1597 significatio
1654 1546 1850 1590 oblivione
1887 1547 2030 1588 obruta
2064 1555 2176 1593 esset.
2247 1550 2289 1601 Si
2324 1567 2416 1595 vero

328 1612 440 1653 nulla
466 1609 631 1662 Virgilii
656 1607 812 1648 ratione
840 1605 979 1647 habita
1006 1607 1082 1648 hoc
1110 1612 1155 1648 ut
1174 1611 1325 1649 certum
1343 1608 1505 1650 credere
1523 1609 1632 1659 licet,
1652 1611 1852 1664 quondam
1870 1611 1913 1651 111
1935 1626 1983 1654 ea
2000 1613 2097 1655 urbe
2114 1615 2279 1666 palladii
2291 1617 2419 1659 instar

330 1677 486 1720 solenni
524 1676 611 1716 loco
638 1686 755 1714 ovum
780 1683 1011 1722 suspensum
1046 1673 1189 1722 fuisse,
1228 1687 1371 1725 operae
1398 1676 1573 1726 pretium
1600 1676 1676 1719 erit
1701 1676 1919 1729 disquirere
1933 1709 1942 1726 ,
1967 1691 2163 1730 quaenam
2189 1681 2299 1721 notio
2325 1681 2418 1723 huic

329 1741 510 1795 symbolo
536 1739 732 1780 attributa
752 1737 872 1776 fuerit
899 1743 939 1778 et
965 1752 1195 1790 comparare
1223 1754 1324 1791 quae
1353 1741 1543 1790 nuperm
1571 1740 1622 1782 de
1641 1742 1716 1782 hac
1734 1756 1778 1782 re
1795 1742 1976 1785 sollerter
1995 1745 2196 1795 patefacta
2213 1751 2314 1789 sunt.
2352 1747 2416 1789 Sic

328 1807 374 1847 in
398 1805 548 1856 templo
576 1802 865 1854 Leucippidum
896 1801 1074 1852 (Pausan.
1104 1805 1139 1851 3,
1177 1807 1234 1852 16,
1256 1804 1309 1857 2.)
1336 1803 1632 1849 Lacedaemone
1658 1820 1775 1847 ovum
1800 1820 1956 1849 sacrum
1980 1810 2123 1851 taeniis
2148 1810 2322 1852 vinctum
2349 1812 2416 1854 de-

327 1871 513 1924 pendisse
541 1870 708 1916 dicitur,
730 1868 833 1908 sicut
859 1867 1055 1919 hodieque
1074 1867 1117 1907 in
1138 1869 1260 1908 sacris
1281 1868 1499 1909 'I'urcarum
1525 1870 1689 1912 aedibus
1712 1872 1978 1912 struthionum
1997 1885 2071 1913 ova
2085 1887 2272 1926 suspensa
2293 1878 2414 1918 caeri-

328 1940 486 1981 moniae
513 1938 747 1978 inserviunt:
800 1936 933 1976 Etiam
961 1935 1160 1976 Ciceronis
1186 1937 1297 1978 locus
1325 1936 1374 1977 de
1402 1936 1524 1978 divin.
1554 1938 1597 1984 2,
1625 1939 1674 1977 65
1704 1936 1782 1977 11110
1806 1937 2007 1988 pertinere
2032 1938 2207 1983 videtur:
2257 1943 2415 1990 „Defert

326 2004 379 2046 ad
406 2004 671 2045 coniectorem
699 2000 883 2054 quidam,
913 2001 1128 2062 somniasse
1157 2015 1199 2043 se
1214 2034 1223 2051 ,
1252 2017 1370 2045 ovum
1397 2004 1571 2057 pendere
1600 2017 1649 2044 ex
1675 2003 1798 2046 fascia
1825 2004 1938 2046 lecti“
1965 2008 2040 2048 etc.
2096 2005 2192 2047 Cum
2210 2021 2302 2049 1010
2323 2011 2410 2051 0οη-

332 2071 465 2117 radus,
491 2071 536 2108 ut
563 2080 684 2119 supra
709 2067 857 2120 legitur
871 2097 880 2114 ,
911 2066 1071 2106 omnino
1096 2065 1295 2118 Neapolin
1321 2082 1529 2121 operosum
1548 2069 1708 2122 Virgilii
1724 2083 1815 2122 opus
1841 2069 2043 2121 appellare
2064 2084 2144 2111 non
2162 2071 2412 2125 dubitaverit,

334 2136 456 2176 etiam
483 2148 532 2175 ea
559 2133 775 2187 superlatio
803 2146 884 2174 11011
910 2131 1106 2173 mirabilis
1132 2136 1211 2182 est,
1239 2134 1364 2176 totam
1388 2135 1529 2177 urbem
1554 2149 1579 2177 a
1607 2139 1741 2177 nostro
1777 2135 1821 2176 111
1846 2148 1919 2177 010
1944 2149 2172 2187 suspensam
2197 2137 2258 2180 vel
2299 2152 2417 2192 super

332 2215 407 2243 ovo
436 2200 637 2242 conditam
662 2214 747 2242 esse
760 2233 769 2250 ,
798 2199 903 2254 quod
930 2199 1027 2241 olim
1063 2199 1259 2242 creditum
1287 2217 1371 2245 esse
1407 2204 1542 2255 plures
1575 2201 1652 2240 loci
1684 2200 1978 2252 testanturm)
2039 2200 2261 2242 Credebant
2294 2205 2417 2258 igitur

328 2267 449 2308 modo
477 2266 600 2306 totius
626 2266 738 2306 urbis
765 2265 1022 2306 fundamento
1049 2265 1351 2309 subterraneum
1377 2269 1478 2309 illud
1503 2281 1618 2309 ovum
1642 2265 1866 2306 inserviisse
1892 2269 1932 2306 et
1964 2265 2057 2305 hinc
2084 2266 2245 2307 castello
2270 2281 2414 2311 nomen

326 2335 479 2380 ortum,
507 2330 624 2372 modo
651 2331 694 2370 in
722 2330 790 2372 illo
818 2344 890 2372 ovo
919 2331 1151 2374 daemonem
1179 2333 1376 2386 quendam
1401 2333 1556 2387 magica
1582 2332 1620 2374 vi
1647 2330 1842 2372 inclusum
1869 2343 1965 2372 esse.
2002 2329 2136 2371 Turris
2149 2344 2241 2388 vero
2260 2334 2421 2375 castelli.

325 2398 387 2439 ita
414 2399 618 2438 exstructa
643 2408 727 2435 esse
752 2388 1007 2445 credebatur,
1034 2402 1097 2447 ut,
1127 2399 1160 2438 si
1189 2398 1291 2439 forte
1316 2412 1431 2439 ovum
1457 2398 1592 2450 aliqua
1612 2397 1661 2438 de
1680 2409 1799 2437 causa
1811 2399 2049 2444 moveretur,
2076 2396 2198 2437 etiam
2213 2397 2300 2448 ipsa
2315 2400 2412 2441 urbs

323 2462 440 2516 quasi
467 2465 600 2502 terrae
627 2463 739 2500 motu
765 2464 1058 2511 concuteretur,
1087 2477 1188 2515 quae
1205 2465 1346 2522 'opinio
1362 2465 1405 2504 in
1425 2464 1496 2504 illa
1514 2463 1673 2504 civitate
1692 2474 1765 2514 per
1782 2461 1899 2513 plura
1915 2461 2046 2503 secula
2061 2462 2229 2505 valuisse
2247 2463 2412 2517 videtur,

440 2603 475 2643 ‘)
500 2601 637 2635 Villanii
660 2602 858 2641 „castellum
880 2603 1044 2636 vicinum“
1072 2613 1093 2637 a
1115 2604 1273 2638 Gervasio
1297 2605 1482 2639 accuratius
1514 2604 1716 2645 „castellum
1745 2603 1873 2637 maris“
1904 2602 2104 2645 appellatur,
2135 2604 2223 2645 quod
2249 2615 2316 2640 non
2337 2616 2411 2645 cum

321 2658 482 2692 hodierno
505 2656 663 2698 „Castell‘
683 2665 705 2689 a
720 2657 841 2690 Mare‘⁴
863 2657 1139 2698 confundendum,
1165 2658 1223 2691 sed
1245 2658 1333 2691 aliud
1359 2668 1441 2697 esse,
1469 2656 1647 2690 Castellum
1668 2656 1855 2698 ‚,d·U0vo“‚
1876 2656 1972 2689 docet
1993 2657 2184 2691 Massmann
2206 2659 2226 2691 1.
2249 2660 2270 2692 1.
2293 2671 2324 2703 p.
2338 2661 2413 2695 442.

425 2713 479 2754 **)
504 2711 553 2744 Cf.
585 2710 756 2745 Bachofen
786 2710 937 2745 Versuch
966 2711 1049 2746 uber
1078 2711 1132 2746 die
1165 2711 1456 2756 Grabersymbolik
1492 2711 1551 2745 der
1572 2711 1684 2746 Alten.
1714 2711 1814 2744 Basel
1841 2710 1935 2752 1859,
1965 2719 2040 2754 pag.
2063 2712 2201 2746 1—297
2232 2713 2315 2755 „die
2344 2714 2414 2749 drei

320 2766 607 2812 mysterieneierf‘
2319 2801 2325 2806 ,

408 2825 481 2866 ***)
504 2823 553 2857 cf.
574 2823 773 2867 Lassberg’s
795 2824 990 2859 Liedersaal
1014 2827 1046 2866 3,
1070 2825 1150 2859 562:
1177 2825 1325 2868 „NApels
1348 2825 1410 2858 daz
1433 2823 1609 2863 1018110110,
1635 2822 1725 2855 briht
1746 2821 1799 2854 ein
1821 2821 1862 2862 01,
1887 2822 1948 2855 dar
1972 2824 2012 2857 uf
2033 2834 2071 2858 ez
2093 2815 2201 2861 stat.u
2244 2823 2356 2859 Etiam
2378 2825 2411 2858 in

318 2880 465 2915 carmine
488 2878 605 2922 gallico
627 2879 728 2914 seculi
750 2880 832 2914 ΧΙΠ
866 2880 1001 2923 (Image
1024 2879 1070 2914 du
1090 2880 1239 2923 M'onde)
1267 2881 1354 2914 inter
1387 2880 1453 2914 alia
1474 2877 1605 2920 Virgilii
1631 2876 1789 2910 miracula
1816 2877 1877 2910 hoc
1907 2887 2037 2920 quoque
2064 2878 2290 2922 praedicatur,
2319 2879 2410 2913 illum

319 2945 421 2972 ovum
442 2943 592 2974 creasse,
618 2944 706 2975 „sur
728 2936 836 2978 lequel
860 2936 942 2969 etait
965 2935 1054 2969 batie
1077 2946 1144 2970 une
1165 2937 1235 2969 tres
1261 2936 1387 2978 grande
1411 2936 1503 2973 11110,
1535 2933 1591 2974 qui
1620 2932 1757 2965 croulait
1788 2936 1881 2966 toute
1905 2932 2044 2973 enuere,
2075 2933 2243 2974 lorsqu’on
2270 2924 2409 2967 refinuoit

316 2989 430 3030 l‘oeuf,
455 2988 538 3021 mais
563 2988 630 3029 qui,
654 2988 804 3022 l’instant
825 2989 955 3031 d'apres
977 2998 1013 3022 se
1037 2989 1239 3023 retablissait
1260 2988 1357 3022 11’0110
1379 2988 1517 3021 11101110.“
1542 2986 1589 3020 cf.
1613 2986 1790 3021 Liebrecht
1814 2987 1911 3022 Gerv.
1932 2998 1963 3031 p.
1987 2988 2061 3028 106,
2081 2987 2142 3030 qui
2160 2986 2238 3021 huic
2258 2996 2296 3021 re
2322 2997 2407 3022 com-

316 3047 426 3088 parat,
450 3041 540 3086 quod
563 3041 639 3076 olim
663 3041 705 3075 de
730 3041 838 3074 Pharo
862 3042 1090 3092 Alexandrina
1115 3042 1258 3077 fabulati
1282 3047 1371 3083 sunt,
1397 3051 1469 3076 eam
1491 3047 1633 3085 quatuor
1654 3042 1766 3077 vitreis
1787 3043 1913 3078 cancris
1934 3045 1968 3089 ip
1987 3042 2071 3076 mari
2092 3040 2264 3080 fundatam
2282 3052 2362 3077 esse.
