<?xml version="1.0" encoding="UTF-8"?>
<!DOCTYPE html PUBLIC "-//W3C//DTD XHTML 1.0 Transitional//EN"
    "http://www.w3.org/TR/xhtml1/DTD/xhtml1-transitional.dtd">
<html xmlns="http://www.w3.org/1999/xhtml" xml:lang="en" lang="en">
 <head>
  <title>
</title>
<meta http-equiv="Content-Type" content="text/html;charset=utf-8" />
  <meta name='ocr-system' content='tesseract 3.04.00' />
  <meta name='ocr-capabilities' content='ocr_page ocr_carea ocr_par ocr_line ocrx_word'/>
</head>
<body>
  <div class='ocr_page' id='page_1' title='image "4764145_0024.png"; bbox 0 0 2781 3609; ppageno 0'>
   <div class='ocr_carea' id='block_1_1' title="bbox 348 363 392 402">
    <p class='ocr_par' dir='ltr' id='par_1_1' title="bbox 348 363 392 402">
     <span class='ocr_line' id='line_1_1' title="bbox 348 363 392 402; baseline 0.023 -1"><span class='ocrx_word' id='word_1_1' title='bbox 348 363 392 402; x_wconf 78' lang='lat'>16</span> 
     </span>
    </p>
   </div>
   <div class='ocr_carea' id='block_1_2' title="bbox 324 461 2444 3127">
    <p class='ocr_par' dir='ltr' id='par_1_2' title="bbox 326 461 2444 2149">
     <span class='ocr_line' id='line_1_2' title="bbox 336 461 2442 520; baseline 0.002 -14"><span class='ocrx_word' id='word_1_2' title='bbox 336 466 467 517; x_wconf 81' lang='lat' dir='ltr'>spatio</span> <span class='ocrx_word' id='word_1_3' title='bbox 501 464 550 505; x_wconf 87' lang='lat' dir='ltr'>de</span> <span class='ocrx_word' id='word_1_4' title='bbox 586 462 842 515; x_wconf 86' lang='lat' dir='ltr'>neapolitana</span> <span class='ocrx_word' id='word_1_5' title='bbox 879 461 1060 510; x_wconf 86' lang='lat' dir='ltr'>civitate,</span> <span class='ocrx_word' id='word_1_6' title='bbox 1119 461 1191 502; x_wconf 88' lang='lat' dir='ltr'>ubi</span> <span class='ocrx_word' id='word_1_7' title='bbox 1231 475 1322 503; x_wconf 87' lang='lat' dir='ltr'>cum</span> <span class='ocrx_word' id='word_1_8' title='bbox 1357 461 1576 504; x_wconf 85' lang='lat' dir='ltr'>Octaviano</span> <span class='ocrx_word' id='word_1_9' title='bbox 1611 463 1788 518; x_wconf 76' lang='lat' dir='ltr'>Augusto</span> <span class='ocrx_word' id='word_1_10' title='bbox 1829 476 1983 506; x_wconf 82' lang='lat' dir='ltr'>moram</span> <span class='ocrx_word' id='word_1_11' title='bbox 2022 468 2221 520; x_wconf 60' lang='lat' dir='ltr'>meat,</span> <span class='ocrx_word' id='word_1_12' title='bbox 2265 471 2442 513; x_wconf 64' lang='lat' dir='ltr'>oin-dem</span> 
     </span>
     <span class='ocr_line' id='line_1_3' title="bbox 336 520 2442 583; baseline 0 -12"><span class='ocrx_word' id='word_1_13' title='bbox 336 530 501 583; x_wconf 83' lang='lat' dir='ltr'>spiritus</span> <span class='ocrx_word' id='word_1_14' title='bbox 534 529 756 570; x_wconf 87' lang='lat' dir='ltr'>ministerio</span> <span class='ocrx_word' id='word_1_15' title='bbox 794 520 1027 566; x_wconf 83' lang='lat' dir='ltr'>huiusmodi</span> <span class='ocrx_word' id='word_1_16' title='bbox 1054 526 1180 567; x_wconf 90' lang='lat' dir='ltr'>libros</span> <span class='ocrx_word' id='word_1_17' title='bbox 1205 527 1377 575; x_wconf 84' lang='lat' dir='ltr'>invenit,</span> <span class='ocrx_word' id='word_1_18' title='bbox 1418 532 1460 568; x_wconf 92' lang='lat' dir='ltr'>et</span> <span class='ocrx_word' id='word_1_19' title='bbox 1486 533 1616 570; x_wconf 74' lang='lat' dir='ltr'>artem</span> <span class='ocrx_word' id='word_1_20' title='bbox 1643 530 1931 582; x_wconf 76' lang='lat' dir='ltr'><strong>nigromantiae</strong></span> <span class='ocrx_word' id='word_1_21' title='bbox 1968 530 2174 573; x_wconf 76' lang='lat' dir='ltr'>subtiliter</span> <span class='ocrx_word' id='word_1_22' title='bbox 2201 547 2304 577; x_wconf 80' lang='lat' dir='ltr'>cum</span> <span class='ocrx_word' id='word_1_23' title='bbox 2323 536 2442 578; x_wconf 65' lang='lat' dir='ltr'>libris</span> 
     </span>
     <span class='ocr_line' id='line_1_4' title="bbox 336 579 2441 654; baseline 0.002 -18"><span class='ocrx_word' id='word_1_24' title='bbox 336 596 520 637; x_wconf 88' lang='lat' dir='ltr'>omnibus</span> <span class='ocrx_word' id='word_1_25' title='bbox 546 595 695 636; x_wconf 83' lang='lat' dir='ltr'><strong>ibidem</strong></span> <span class='ocrx_word' id='word_1_26' title='bbox 722 592 977 634; x_wconf 88' lang='lat' dir='ltr'>manentibus</span> <span class='ocrx_word' id='word_1_27' title='bbox 1006 592 1184 635; x_wconf 84' lang='lat' dir='ltr'>deduxit.</span> <span class='ocrx_word' id='word_1_28' title='bbox 1240 593 1386 634; x_wconf 80' lang='lat' dir='ltr'>Feitur</span> <span class='ocrx_word' id='word_1_29' title='bbox 1405 579 1527 634; x_wconf 81' lang='lat' dir='ltr'>etiam</span> <span class='ocrx_word' id='word_1_30' title='bbox 1545 595 1651 646; x_wconf 89' lang='lat' dir='ltr'>quod</span> <span class='ocrx_word' id='word_1_31' title='bbox 1674 609 1764 637; x_wconf 92' lang='lat' dir='ltr'>cum</span> <span class='ocrx_word' id='word_1_32' title='bbox 1783 594 1926 637; x_wconf 81' lang='lat' dir='ltr'>iisdem</span> <span class='ocrx_word' id='word_1_33' title='bbox 1948 595 2064 639; x_wconf 80' lang='lat' dir='ltr'>libris</span> <span class='ocrx_word' id='word_1_34' title='bbox 2090 598 2271 652; x_wconf 74' lang='lat' dir='ltr'>quidam</span> <span class='ocrx_word' id='word_1_35' title='bbox 2276 602 2441 654; x_wconf 72' lang='lat' dir='ltr'>spiritus</span> 
     </span>
     <span class='ocr_line' id='line_1_5' title="bbox 335 657 2443 716; baseline 0.001 -14"><span class='ocrx_word' id='word_1_36' title='bbox 335 660 645 715; x_wconf 73' lang='lat' dir='ltr'>malignissimus</span> <span class='ocrx_word' id='word_1_37' title='bbox 673 663 713 701; x_wconf 88' lang='lat' dir='ltr'>et</span> <span class='ocrx_word' id='word_1_38' title='bbox 739 658 1011 700; x_wconf 87' lang='lat' dir='ltr'>astutissimus</span> <span class='ocrx_word' id='word_1_39' title='bbox 1038 658 1170 712; x_wconf 86' lang='lat' dir='ltr'>sigillo</span> <span class='ocrx_word' id='word_1_40' title='bbox 1199 657 1420 699; x_wconf 76' lang='lat' dir='ltr'>Salomonis</span> <span class='ocrx_word' id='word_1_41' title='bbox 1449 658 1495 697; x_wconf 91' lang='lat' dir='ltr'>in</span> <span class='ocrx_word' id='word_1_42' title='bbox 1523 658 1642 700; x_wconf 87' lang='lat' dir='ltr'>vitrio</span> <span class='ocrx_word' id='word_1_43' title='bbox 1670 672 1760 700; x_wconf 82' lang='lat' dir='ltr'>vase</span> <span class='ocrx_word' id='word_1_44' title='bbox 1785 659 1938 700; x_wconf 83' lang='lat' dir='ltr'>latebat</span> <span class='ocrx_word' id='word_1_45' title='bbox 1960 661 2157 703; x_wconf 66' lang='lat' dir='ltr'>reclusum</span> <span class='ocrx_word' id='word_1_46' title='bbox 2191 674 2323 716; x_wconf 75' lang='lat' dir='ltr'>quem·</span> <span class='ocrx_word' id='word_1_47' title='bbox 2351 670 2443 709; x_wconf 71' lang='lat' dir='ltr'>cum</span> 
     </span>
     <span class='ocr_line' id='line_1_6' title="bbox 328 722 2441 782; baseline 0 -16"><span class='ocrx_word' id='word_1_48' title='bbox 328 730 452 780; x_wconf 81' lang='lat' dir='ltr'>&#39;pacto</span> <span class='ocrx_word' id='word_1_49' title='bbox 477 726 669 779; x_wconf 86' lang='lat' dir='ltr'>Virgilius</span> <span class='ocrx_word' id='word_1_50' title='bbox 693 725 905 772; x_wconf 80' lang='lat' dir='ltr'>relaxavit,</span> <span class='ocrx_word' id='word_1_51' title='bbox 930 729 976 764; x_wconf 88' lang='lat' dir='ltr'>ut</span> <span class='ocrx_word' id='word_1_52' title='bbox 1003 725 1136 775; x_wconf 86' lang='lat' dir='ltr'>ipsum</span> <span class='ocrx_word' id='word_1_53' title='bbox 1161 724 1213 764; x_wconf 88' lang='lat' dir='ltr'>ad</span> <span class='ocrx_word' id='word_1_54' title='bbox 1239 722 1599 775; x_wconf 81' lang='lat' dir='ltr'>legendum-libros</span> <span class='ocrx_word' id='word_1_55' title='bbox 1626 728 1669 766; x_wconf 90' lang='lat' dir='ltr'>et</span> <span class='ocrx_word' id='word_1_56' title='bbox 1694 724 2015 778; x_wconf 87' lang='lat' dir='ltr'>intelligendum,</span> <span class='ocrx_word' id='word_1_57' title='bbox 2041 726 2116 778; x_wconf 82' lang='lat' dir='ltr'>qui</span> <span class='ocrx_word' id='word_1_58' title='bbox 2131 726 2295 780; x_wconf 73' lang='lat' dir='ltr'>lingna,</span> <span class='ocrx_word' id='word_1_59' title='bbox 2313 741 2441 782; x_wconf 72' lang='lat' dir='ltr'>qm</span> 
     </span>
     <span class='ocr_line' id='line_1_7' title="bbox 334 788 2440 842; baseline 0.001 -8"><span class='ocrx_word' id='word_1_60' title='bbox 334 808 416 835; x_wconf 88' lang='lat' dir='ltr'>non</span> <span class='ocrx_word' id='word_1_61' title='bbox 441 797 624 841; x_wconf 86' lang='lat' dir='ltr'>noverat,</span> <span class='ocrx_word' id='word_1_62' title='bbox 652 792 839 833; x_wconf 88' lang='lat' dir='ltr'>videlicet</span> <span class='ocrx_word' id='word_1_63' title='bbox 864 791 997 831; x_wconf 85' lang='lat' dir='ltr'>literis</span> <span class='ocrx_word' id='word_1_64' title='bbox 1026 790 1234 838; x_wconf 81' lang='lat' dir='ltr'>caldaicis,</span> <span class='ocrx_word' id='word_1_65' title='bbox 1263 789 1421 831; x_wconf 87' lang='lat' dir='ltr'>fuerant</span> <span class='ocrx_word' id='word_1_66' title='bbox 1450 789 1689 841; x_wconf 84' lang='lat' dir='ltr'>conscripti,</span> <span class='ocrx_word' id='word_1_67' title='bbox 1717 788 1934 842; x_wconf 73' lang='lat' dir='ltr'>profectius</span> <span class='ocrx_word' id='word_1_68' title='bbox 1963 790 2211 835; x_wconf 73' lang='lat' dir='ltr'>informaret.</span> <span class='ocrx_word' id='word_1_69' title='bbox 2263 792 2320 834; x_wconf 81' lang='lat' dir='ltr'>Et</span> <span class='ocrx_word' id='word_1_70' title='bbox 2339 793 2440 837; x_wconf 74' lang='lat' dir='ltr'>dum</span> 
     </span>
     <span class='ocr_line' id='line_1_8' title="bbox 334 854 2444 909; baseline 0 -9"><span class='ocrx_word' id='word_1_71' title='bbox 334 861 572 906; x_wconf 87' lang='lat' dir='ltr'>intraverat,</span> <span class='ocrx_word' id='word_1_72' title='bbox 608 869 700 897; x_wconf 85' lang='lat' dir='ltr'>mox</span> <span class='ocrx_word' id='word_1_73' title='bbox 728 857 809 897; x_wconf 82' lang='lat' dir='ltr'>iam</span> <span class='ocrx_word' id='word_1_74' title='bbox 837 855 948 897; x_wconf 84' lang='lat' dir='ltr'>dicto</span> <span class='ocrx_word' id='word_1_75' title='bbox 977 855 1109 909; x_wconf 76' lang='lat' dir='ltr'>sigillo</span> <span class='ocrx_word' id='word_1_76' title='bbox 1137 854 1324 901; x_wconf 83' lang='lat' dir='ltr'>firmiter,</span> <span class='ocrx_word' id='word_1_77' title='bbox 1363 856 1407 891; x_wconf 86' lang='lat' dir='ltr'>ut</span> <span class='ocrx_word' id='word_1_78' title='bbox 1434 854 1570 903; x_wconf 71' lang='lat' dir='ltr'>priuS,</span> <span class='ocrx_word' id='word_1_79' title='bbox 1597 854 1770 896; x_wconf 75' lang='lat' dir='ltr'>inclusit</span> <span class='ocrx_word' id='word_1_80' title='bbox 1787 859 1828 896; x_wconf 86' lang='lat' dir='ltr'>et</span> <span class='ocrx_word' id='word_1_81' title='bbox 1852 856 1982 907; x_wconf 86' lang='lat' dir='ltr'>ipsum</span> <span class='ocrx_word' id='word_1_82' title='bbox 2005 856 2049 895; x_wconf 89' lang='lat' dir='ltr'>in</span> <span class='ocrx_word' id='word_1_83' title='bbox 2080 856 2272 907; x_wconf 77' lang='lat' dir='ltr'>spelunca</span> <span class='ocrx_word' id='word_1_84' title='bbox 2295 860 2444 900; x_wconf 79' lang='lat' dir='ltr'>montis</span> 
     </span>
     <span class='ocr_line' id='line_1_9' title="bbox 333 917 2440 976; baseline -0.001 -9"><span class='ocrx_word' id='word_1_85' title='bbox 333 925 531 968; x_wconf 86' lang='lat' dir='ltr'>reclusum</span> <span class='ocrx_word' id='word_1_86' title='bbox 554 926 747 976; x_wconf 85' lang='lat' dir='ltr'>perpetuo</span> <span class='ocrx_word' id='word_1_87' title='bbox 773 922 957 975; x_wconf 89' lang='lat' dir='ltr'>reliquit,</span> <span class='ocrx_word' id='word_1_88' title='bbox 985 921 1091 974; x_wconf 90' lang='lat' dir='ltr'>quod</span> <span class='ocrx_word' id='word_1_89' title='bbox 1111 919 1293 971; x_wconf 79' lang='lat' dir='ltr'>spiritum</span> <span class='ocrx_word' id='word_1_90' title='bbox 1312 917 1481 958; x_wconf 90' lang='lat' dir='ltr'>eundem</span> <span class='ocrx_word' id='word_1_91' title='bbox 1494 918 1622 960; x_wconf 89' lang='lat' dir='ltr'>libere</span> <span class='ocrx_word' id='word_1_92' title='bbox 1640 919 1875 960; x_wconf 88' lang='lat' dir='ltr'>derelictum</span> <span class='ocrx_word' id='word_1_93' title='bbox 1895 920 1970 961; x_wconf 83' lang='lat' dir='ltr'>toti</span> <span class='ocrx_word' id='word_1_94' title='bbox 1988 919 2136 961; x_wconf 91' lang='lat' dir='ltr'>mundo</span> <span class='ocrx_word' id='word_1_95' title='bbox 2156 921 2269 962; x_wconf 82' lang='lat' dir='ltr'>novit</span> <span class='ocrx_word' id='word_1_96' title='bbox 2285 922 2440 964; x_wconf 81' lang='lat' dir='ltr'>nocitu—</span> 
     </span>
     <span class='ocr_line' id='line_1_10' title="bbox 331 983 2440 1040; baseline -0.001 -8"><span class='ocrx_word' id='word_1_97' title='bbox 331 1006 433 1033; x_wconf 90' lang='lat' dir='ltr'>rum.</span> <span class='ocrx_word' id='word_1_98' title='bbox 501 992 554 1031; x_wconf 89' lang='lat' dir='ltr'>Et</span> <span class='ocrx_word' id='word_1_99' title='bbox 579 991 716 1030; x_wconf 86' lang='lat' dir='ltr'>taliter</span> <span class='ocrx_word' id='word_1_100' title='bbox 744 1004 835 1029; x_wconf 91' lang='lat' dir='ltr'>cum</span> <span class='ocrx_word' id='word_1_101' title='bbox 863 988 1035 1040; x_wconf 88' lang='lat' dir='ltr'>Virgilio</span> <span class='ocrx_word' id='word_1_102' title='bbox 1073 1000 1146 1037; x_wconf 89' lang='lat' dir='ltr'>per</span> <span class='ocrx_word' id='word_1_103' title='bbox 1183 983 1369 1034; x_wconf 78' lang='lat' dir='ltr'>spiritum</span> <span class='ocrx_word' id='word_1_104' title='bbox 1394 983 1569 1034; x_wconf 84' lang='lat' dir='ltr'>priorem</span> <span class='ocrx_word' id='word_1_105' title='bbox 1593 983 1759 1026; x_wconf 85' lang='lat' dir='ltr'>reducto</span> <span class='ocrx_word' id='word_1_106' title='bbox 1785 998 1854 1026; x_wconf 83' lang='lat' dir='ltr'>ars</span> <span class='ocrx_word' id='word_1_107' title='bbox 1879 984 2168 1038; x_wconf 74' lang='lat' dir='ltr'>nigromantiae</span> <span class='ocrx_word' id='word_1_108' title='bbox 2196 984 2371 1037; x_wconf 86' lang='lat' dir='ltr'>primum</span> <span class='ocrx_word' id='word_1_109' title='bbox 2397 991 2440 1032; x_wconf 85' lang='lat' dir='ltr'>et</span> 
     </span>
     <span class='ocr_line' id='line_1_11' title="bbox 332 1047 2439 1103; baseline -0.002 -5"><span class='ocrx_word' id='word_1_110' title='bbox 332 1056 470 1098; x_wconf 91' lang='lat' dir='ltr'>statim</span> <span class='ocrx_word' id='word_1_111' title='bbox 494 1058 588 1096; x_wconf 82' lang='lat' dir='ltr'>ante</span> <span class='ocrx_word' id='word_1_112' title='bbox 615 1053 763 1095; x_wconf 77' lang='lat' dir='ltr'>Christi</span> <span class='ocrx_word' id='word_1_113' title='bbox 791 1053 1040 1095; x_wconf 73' lang='lat' dir='ltr'>nativitatem</span> <span class='ocrx_word' id='word_1_114' title='bbox 1068 1051 1110 1091; x_wconf 91' lang='lat' dir='ltr'>in</span> <span class='ocrx_word' id='word_1_115' title='bbox 1137 1049 1298 1101; x_wconf 85' lang='lat' dir='ltr'><strong>Europa</strong></span> <span class='ocrx_word' id='word_1_116' title='bbox 1317 1047 1466 1103; x_wconf 16' lang='lat' dir='ltr'>‘saltem</span> <span class='ocrx_word' id='word_1_117' title='bbox 1494 1049 1641 1101; x_wconf 92' lang='lat' dir='ltr'>populo</span> <span class='ocrx_word' id='word_1_118' title='bbox 1670 1049 1840 1101; x_wconf 81' lang='lat' dir='ltr'>patebat</span> <span class='ocrx_word' id='word_1_119' title='bbox 1867 1050 2014 1091; x_wconf 83' lang='lat' dir='ltr'>italico.</span> <span class='ocrx_word' id='word_1_120' title='bbox 2080 1051 2186 1091; x_wconf 91' lang='lat' dir='ltr'>Dum</span> <span class='ocrx_word' id='word_1_121' title='bbox 2211 1051 2320 1092; x_wconf 82' lang='lat' dir='ltr'>idem</span> <span class='ocrx_word' id='word_1_122' title='bbox 2346 1052 2439 1093; x_wconf 85' lang='lat' dir='ltr'>Vir·</span> 
     </span>
     <span class='ocr_line' id='line_1_12' title="bbox 332 1114 2440 1177; baseline -0.002 -14"><span class='ocrx_word' id='word_1_123' title='bbox 332 1123 451 1177; x_wconf 87' lang='lat' dir='ltr'>gilius</span> <span class='ocrx_word' id='word_1_124' title='bbox 492 1121 787 1174; x_wconf 82' lang='lat' dir='ltr'>nigromantiae</span> <span class='ocrx_word' id='word_1_125' title='bbox 822 1119 1033 1170; x_wconf 85' lang='lat' dir='ltr'>disciplina</span> <span class='ocrx_word' id='word_1_126' title='bbox 1067 1128 1248 1156; x_wconf 85' lang='lat' dir='ltr'>reversus</span> <span class='ocrx_word' id='word_1_127' title='bbox 1283 1114 1528 1156; x_wconf 86' lang='lat' dir='ltr'>sufficienter</span> <span class='ocrx_word' id='word_1_128' title='bbox 1565 1116 1728 1156; x_wconf 86' lang='lat' dir='ltr'>edoctus</span> <span class='ocrx_word' id='word_1_129' title='bbox 1763 1114 1872 1166; x_wconf 85' lang='lat' dir='ltr'>apud</span> <span class='ocrx_word' id='word_1_130' title='bbox 1901 1114 2162 1157; x_wconf 85' lang='lat' dir='ltr'>Octavianum</span> <span class='ocrx_word' id='word_1_131' title='bbox 2199 1117 2243 1157; x_wconf 91' lang='lat' dir='ltr'>in</span> <span class='ocrx_word' id='word_1_132' title='bbox 2278 1118 2440 1160; x_wconf 60' lang='lat' dir='ltr'>civitate</span> 
     </span>
     <span class='ocr_line' id='line_1_13' title="bbox 332 1178 2440 1239; baseline -0.001 -10"><span class='ocrx_word' id='word_1_133' title='bbox 332 1188 599 1239; x_wconf 86' lang='lat' dir='ltr'>Neapolitana</span> <span class='ocrx_word' id='word_1_134' title='bbox 633 1200 785 1226; x_wconf 86' lang='lat' dir='ltr'>moram</span> <span class='ocrx_word' id='word_1_135' title='bbox 828 1185 1025 1231; x_wconf 82' lang='lat' dir='ltr'>traheret,</span> <span class='ocrx_word' id='word_1_136' title='bbox 1063 1180 1319 1228; x_wconf 85' lang='lat' dir='ltr'>desideravit,</span> <span class='ocrx_word' id='word_1_137' title='bbox 1356 1178 1464 1232; x_wconf 89' lang='lat' dir='ltr'>quod</span> <span class='ocrx_word' id='word_1_138' title='bbox 1500 1180 1577 1221; x_wconf 85' lang='lat' dir='ltr'>sibi</span> <span class='ocrx_word' id='word_1_139' title='bbox 1614 1180 1775 1220; x_wconf 90' lang='lat' dir='ltr'>domum</span> <span class='ocrx_word' id='word_1_140' title='bbox 1806 1179 2049 1234; x_wconf 77' lang='lat' dir='ltr'>singularem</span> <span class='ocrx_word' id='word_1_141' title='bbox 2083 1185 2199 1224; x_wconf 86' lang='lat' dir='ltr'>extra</span> <span class='ocrx_word' id='word_1_142' title='bbox 2232 1182 2440 1226; x_wconf 85' lang='lat' dir='ltr'>hominum</span> 
     </span>
     <span class='ocr_line' id='line_1_14' title="bbox 332 1245 2437 1301; baseline -0.002 -8"><span class='ocrx_word' id='word_1_143' title='bbox 332 1251 672 1293; x_wconf 79' lang='lat' dir='ltr'>conversationem</span> <span class='ocrx_word' id='word_1_144' title='bbox 699 1252 957 1292; x_wconf 86' lang='lat' dir='ltr'>construeret.</span> <span class='ocrx_word' id='word_1_145' title='bbox 1026 1248 1157 1301; x_wconf 83' lang='lat' dir='ltr'>Igitur</span> <span class='ocrx_word' id='word_1_146' title='bbox 1183 1246 1328 1288; x_wconf 88' lang='lat' dir='ltr'>abinde</span> <span class='ocrx_word' id='word_1_147' title='bbox 1356 1258 1428 1297; x_wconf 90' lang='lat' dir='ltr'>per</span> <span class='ocrx_word' id='word_1_148' title='bbox 1456 1245 1557 1287; x_wconf 86' lang='lat' dir='ltr'>duas</span> <span class='ocrx_word' id='word_1_149' title='bbox 1583 1246 1715 1287; x_wconf 83' lang='lat' dir='ltr'>leucas</span> <span class='ocrx_word' id='word_1_150' title='bbox 1742 1246 1786 1285; x_wconf 86' lang='lat' dir='ltr'>iu</span> <span class='ocrx_word' id='word_1_151' title='bbox 1809 1245 2063 1300; x_wconf 85' lang='lat' dir='ltr'>Tripergula,</span> <span class='ocrx_word' id='word_1_152' title='bbox 2098 1260 2200 1300; x_wconf 77' lang='lat' dir='ltr'>quae</span> <span class='ocrx_word' id='word_1_153' title='bbox 2235 1251 2297 1290; x_wconf 76' lang='lat' dir='ltr'>eet</span> <span class='ocrx_word' id='word_1_154' title='bbox 2326 1249 2437 1290; x_wconf 80' lang='lat' dir='ltr'>locus</span> 
     </span>
     <span class='ocr_line' id='line_1_15' title="bbox 330 1312 2433 1367; baseline -0.001 -10"><span class='ocrx_word' id='word_1_155' title='bbox 330 1317 376 1357; x_wconf 91' lang='lat' dir='ltr'>in</span> <span class='ocrx_word' id='word_1_156' title='bbox 402 1317 493 1357; x_wconf 87' lang='lat' dir='ltr'>sinu</span> <span class='ocrx_word' id='word_1_157' title='bbox 519 1316 639 1355; x_wconf 86' lang='lat' dir='ltr'>maris</span> <span class='ocrx_word' id='word_1_158' title='bbox 668 1314 870 1354; x_wconf 90' lang='lat' dir='ltr'>montibus</span> <span class='ocrx_word' id='word_1_159' title='bbox 897 1315 1103 1355; x_wconf 86' lang='lat' dir='ltr'>altissimis</span> <span class='ocrx_word' id='word_1_160' title='bbox 1132 1313 1436 1362; x_wconf 85' lang='lat' dir='ltr'>circumseptus,</span> <span class='ocrx_word' id='word_1_161' title='bbox 1463 1324 1555 1351; x_wconf 91' lang='lat' dir='ltr'>mox</span> <span class='ocrx_word' id='word_1_162' title='bbox 1580 1312 1800 1352; x_wconf 86' lang='lat' dir='ltr'>ministerio</span> <span class='ocrx_word' id='word_1_163' title='bbox 1836 1312 2049 1362; x_wconf 81' lang='lat' dir='ltr'>spirituum</span> <span class='ocrx_word' id='word_1_164' title='bbox 2074 1315 2200 1355; x_wconf 84' lang='lat' dir='ltr'>mirae</span> <span class='ocrx_word' id='word_1_165' title='bbox 2233 1313 2433 1367; x_wconf 81' lang='lat' dir='ltr'>magnitu—</span> 
     </span>
     <span class='ocr_line' id='line_1_16' title="bbox 331 1377 2435 1435; baseline -0.002 -12"><span class='ocrx_word' id='word_1_166' title='bbox 331 1383 439 1425; x_wconf 85' lang='lat' dir='ltr'>dinis</span> <span class='ocrx_word' id='word_1_167' title='bbox 464 1385 646 1435; x_wconf 75' lang='lat' dir='ltr'>palatium</span> <span class='ocrx_word' id='word_1_168' title='bbox 674 1383 872 1421; x_wconf 76' lang='lat' dir='ltr'>rotundum</span> <span class='ocrx_word' id='word_1_169' title='bbox 898 1383 939 1420; x_wconf 89' lang='lat' dir='ltr'>et</span> <span class='ocrx_word' id='word_1_170' title='bbox 965 1378 1201 1420; x_wconf 84' lang='lat' dir='ltr'>altissimum</span> <span class='ocrx_word' id='word_1_171' title='bbox 1230 1377 1433 1425; x_wconf 82' lang='lat' dir='ltr'>fundavit,</span> <span class='ocrx_word' id='word_1_172' title='bbox 1468 1378 1564 1429; x_wconf 78' lang='lat' dir='ltr'>quod</span> <span class='ocrx_word' id='word_1_173' title='bbox 1590 1378 1694 1417; x_wconf 74' lang='lat' dir='ltr'>hodie</span> <span class='ocrx_word' id='word_1_174' title='bbox 1718 1379 1919 1429; x_wconf 76' lang='lat' dir='ltr'>comparet,</span> <span class='ocrx_word' id='word_1_175' title='bbox 1940 1381 2054 1430; x_wconf 76' lang='lat' dir='ltr'>prout</span> <span class='ocrx_word' id='word_1_176' title='bbox 2081 1380 2199 1419; x_wconf 58' lang='lat' dir='ltr'>ocul&amp;</span> <span class='ocrx_word' id='word_1_177' title='bbox 2228 1381 2320 1419; x_wconf 72' lang='lat' dir='ltr'>meio</span> <span class='ocrx_word' id='word_1_178' title='bbox 2346 1380 2435 1420; x_wconf 68' lang='lat' dir='ltr'>miii.</span> 
     </span>
     <span class='ocr_line' id='line_1_17' title="bbox 330 1442 2438 1498; baseline -0.001 -8"><span class='ocrx_word' id='word_1_179' title='bbox 330 1450 379 1490; x_wconf 90' lang='lat' dir='ltr'>In</span> <span class='ocrx_word' id='word_1_180' title='bbox 406 1448 545 1490; x_wconf 87' lang='lat' dir='ltr'>eodem</span> <span class='ocrx_word' id='word_1_181' title='bbox 571 1446 772 1487; x_wconf 90' lang='lat' dir='ltr'>territorio</span> <span class='ocrx_word' id='word_1_182' title='bbox 792 1444 935 1498; x_wconf 86' lang='lat' dir='ltr'>viginti</span> <span class='ocrx_word' id='word_1_183' title='bbox 955 1446 1126 1495; x_wconf 87' lang='lat' dir='ltr'>quatuor</span> <span class='ocrx_word' id='word_1_184' title='bbox 1140 1456 1318 1494; x_wconf 79' lang='lat' dir='ltr'>aquarum</span> <span class='ocrx_word' id='word_1_185' title='bbox 1338 1454 1457 1482; x_wconf 79' lang='lat' dir='ltr'>venas</span> <span class='ocrx_word' id='word_1_186' title='bbox 1471 1444 1674 1482; x_wconf 71' lang='lat' dir='ltr'>oalidamm</span> <span class='ocrx_word' id='word_1_187' title='bbox 1697 1443 1888 1482; x_wconf 86' lang='lat' dir='ltr'>virtutum</span> <span class='ocrx_word' id='word_1_188' title='bbox 1909 1442 2154 1482; x_wconf 81' lang='lat' dir='ltr'>diversarum</span> <span class='ocrx_word' id='word_1_189' title='bbox 2167 1474 2177 1492; x_wconf 92' lang='lat'>,</span> <span class='ocrx_word' id='word_1_190' title='bbox 2199 1444 2376 1486; x_wconf 84' lang='lat' dir='ltr'>colorum</span> <span class='ocrx_word' id='word_1_191' title='bbox 2394 1450 2438 1487; x_wconf 84' lang='lat' dir='ltr'>et</span> 
     </span>
     <span class='ocr_line' id='line_1_18' title="bbox 328 1506 2425 1568; baseline -0.002 -12"><span class='ocrx_word' id='word_1_192' title='bbox 328 1515 497 1557; x_wconf 87' lang='lat' dir='ltr'>odorum</span> <span class='ocrx_word' id='word_1_193' title='bbox 522 1511 734 1568; x_wconf 69' lang='lat' dir='ltr'>visibiliter</span> <span class='ocrx_word' id='word_1_194' title='bbox 760 1510 1055 1557; x_wconf 88' lang='lat' dir='ltr'>distinctorum,</span> <span class='ocrx_word' id='word_1_195' title='bbox 1083 1512 1277 1560; x_wconf 89' lang='lat' dir='ltr'>perpetuo</span> <span class='ocrx_word' id='word_1_196' title='bbox 1305 1507 1608 1556; x_wconf 84' lang='lat' dir='ltr'>scaturizantes,</span> <span class='ocrx_word' id='word_1_197' title='bbox 1635 1506 1850 1548; x_wconf 87' lang='lat' dir='ltr'>ordinatim</span> <span class='ocrx_word' id='word_1_198' title='bbox 1877 1510 1919 1549; x_wconf 85' lang='lat' dir='ltr'>et</span> <span class='ocrx_word' id='word_1_199' title='bbox 1942 1507 2147 1549; x_wconf 82' lang='lat' dir='ltr'>limialiter</span> <span class='ocrx_word' id='word_1_200' title='bbox 2172 1508 2285 1551; x_wconf 73' lang='lat' dir='ltr'>iuxta</span> <span class='ocrx_word' id='word_1_201' title='bbox 2310 1510 2425 1552; x_wconf 71' lang='lat' dir='ltr'>littus</span> 
     </span>
     <span class='ocr_line' id='line_1_19' title="bbox 328 1570 2434 1628; baseline -0.002 -8"><span class='ocrx_word' id='word_1_202' title='bbox 328 1581 451 1622; x_wconf 81' lang='lat' dir='ltr'>maris</span> <span class='ocrx_word' id='word_1_203' title='bbox 478 1581 685 1619; x_wconf 86' lang='lat' dir='ltr'>manentes</span> <span class='ocrx_word' id='word_1_204' title='bbox 713 1577 963 1628; x_wconf 78' lang='lat' dir='ltr'>instauravit,</span> <span class='ocrx_word' id='word_1_205' title='bbox 990 1575 1058 1617; x_wconf 81' lang='lat' dir='ltr'>sed</span> <span class='ocrx_word' id='word_1_206' title='bbox 1085 1573 1216 1616; x_wconf 85' lang='lat' dir='ltr'>verius</span> <span class='ocrx_word' id='word_1_207' title='bbox 1243 1585 1316 1624; x_wconf 87' lang='lat' dir='ltr'>per</span> <span class='ocrx_word' id='word_1_208' title='bbox 1342 1571 1581 1613; x_wconf 79' lang='lat' dir='ltr'>daemonum</span> <span class='ocrx_word' id='word_1_209' title='bbox 1608 1572 1885 1621; x_wconf 84' lang='lat' dir='ltr'>revelationes,</span> <span class='ocrx_word' id='word_1_210' title='bbox 1910 1570 1979 1624; x_wconf 89' lang='lat' dir='ltr'>qui</span> <span class='ocrx_word' id='word_1_211' title='bbox 2008 1574 2151 1612; x_wconf 85' lang='lat' dir='ltr'>cuncta</span> <span class='ocrx_word' id='word_1_212' title='bbox 2171 1577 2327 1616; x_wconf 83' lang='lat' dir='ltr'>secreta</span> <span class='ocrx_word' id='word_1_213' title='bbox 2361 1580 2434 1617; x_wconf 84' lang='lat' dir='ltr'>ant</span> 
     </span>
     <span class='ocr_line' id='line_1_20' title="bbox 326 1636 2427 1700; baseline -0.002 -12"><span class='ocrx_word' id='word_1_214' title='bbox 326 1636 656 1700; x_wconf 82' lang='lat' dir='ltr'>qualitercunque</span> <span class='ocrx_word' id='word_1_215' title='bbox 685 1648 817 1685; x_wconf 87' lang='lat' dir='ltr'>terrae</span> <span class='ocrx_word' id='word_1_216' title='bbox 847 1644 997 1683; x_wconf 89' lang='lat' dir='ltr'>viscera</span> <span class='ocrx_word' id='word_1_217' title='bbox 1020 1643 1234 1686; x_wconf 87' lang='lat' dir='ltr'>noverant,</span> <span class='ocrx_word' id='word_1_218' title='bbox 1261 1637 1490 1690; x_wconf 85' lang='lat' dir='ltr'>exquisivit,</span> <span class='ocrx_word' id='word_1_219' title='bbox 1518 1640 1560 1677; x_wconf 89' lang='lat' dir='ltr'>et</span> <span class='ocrx_word' id='word_1_220' title='bbox 1585 1637 1669 1688; x_wconf 89' lang='lat' dir='ltr'>ipse</span> <span class='ocrx_word' id='word_1_221' title='bbox 1690 1641 1985 1690; x_wconf 83' lang='lat' dir='ltr'>&#39;consequenter</span> <span class='ocrx_word' id='word_1_222' title='bbox 2001 1637 2051 1679; x_wconf 90' lang='lat' dir='ltr'>de</span> <span class='ocrx_word' id='word_1_223' title='bbox 2073 1639 2254 1679; x_wconf 78' lang='lat' dir='ltr'>cavernis</span> <span class='ocrx_word' id='word_1_224' title='bbox 2273 1639 2427 1683; x_wconf 82' lang='lat' dir='ltr'>intimis</span> 
     </span>
     <span class='ocr_line' id='line_1_21' title="bbox 326 1703 2431 1756; baseline -0.001 -3"><span class='ocrx_word' id='word_1_225' title='bbox 326 1712 384 1753; x_wconf 87' lang='lat' dir='ltr'>ad</span> <span class='ocrx_word' id='word_1_226' title='bbox 421 1711 694 1753; x_wconf 83' lang='lat' dir='ltr'>extremitates</span> <span class='ocrx_word' id='word_1_227' title='bbox 730 1713 861 1748; x_wconf 87' lang='lat' dir='ltr'>terrae</span> <span class='ocrx_word' id='word_1_228' title='bbox 896 1707 1040 1747; x_wconf 88' lang='lat' dir='ltr'>colavit</span> <span class='ocrx_word' id='word_1_229' title='bbox 1074 1710 1116 1746; x_wconf 91' lang='lat' dir='ltr'>et</span> <span class='ocrx_word' id='word_1_230' title='bbox 1151 1705 1314 1755; x_wconf 82' lang='lat' dir='ltr'>insuper</span> <span class='ocrx_word' id='word_1_231' title='bbox 1351 1717 1424 1754; x_wconf 89' lang='lat' dir='ltr'>pro</span> <span class='ocrx_word' id='word_1_232' title='bbox 1460 1703 1627 1744; x_wconf 86' lang='lat' dir='ltr'>rudibus</span> <span class='ocrx_word' id='word_1_233' title='bbox 1655 1705 1941 1755; x_wconf 84' lang='lat' dir='ltr'>scripturarum</span> <span class='ocrx_word' id='word_1_234' title='bbox 1968 1703 2174 1756; x_wconf 83' lang='lat' dir='ltr'>agnitione</span> <span class='ocrx_word' id='word_1_235' title='bbox 2201 1707 2431 1750; x_wconf 82' lang='lat' dir='ltr'>carentibus</span> 
     </span>
     <span class='ocr_line' id='line_1_22' title="bbox 329 1767 2438 1829; baseline -0.002 -12"><span class='ocrx_word' id='word_1_236' title='bbox 329 1777 464 1829; x_wconf 88' lang='lat' dir='ltr'>posuit</span> <span class='ocrx_word' id='word_1_237' title='bbox 490 1775 540 1815; x_wconf 90' lang='lat' dir='ltr'>ad</span> <span class='ocrx_word' id='word_1_238' title='bbox 568 1774 790 1827; x_wconf 80' lang='lat' dir='ltr'>quamlibet</span> <span class='ocrx_word' id='word_1_239' title='bbox 818 1773 1021 1814; x_wconf 84' lang='lat' dir='ltr'>fontanam</span> <span class='ocrx_word' id='word_1_240' title='bbox 1048 1776 1090 1813; x_wconf 87' lang='lat' dir='ltr'>et</span> <span class='ocrx_word' id='word_1_241' title='bbox 1116 1770 1168 1812; x_wconf 88' lang='lat' dir='ltr'>ad</span> <span class='ocrx_word' id='word_1_242' title='bbox 1195 1782 1390 1822; x_wconf 81' lang='lat' dir='ltr'>aquarum</span> <span class='ocrx_word' id='word_1_243' title='bbox 1413 1769 1686 1820; x_wconf 80' lang='lat' dir='ltr'>receptacula,</span> <span class='ocrx_word' id='word_1_244' title='bbox 1710 1769 1752 1809; x_wconf 91' lang='lat' dir='ltr'>in</span> <span class='ocrx_word' id='word_1_245' title='bbox 1771 1769 1917 1822; x_wconf 88' lang='lat' dir='ltr'>quibus</span> <span class='ocrx_word' id='word_1_246' title='bbox 1933 1767 2114 1808; x_wconf 84' lang='lat' dir='ltr'>homines</span> <span class='ocrx_word' id='word_1_247' title='bbox 2133 1767 2438 1823; x_wconf 71' lang='lat' dir='ltr'>balneabantut,</span> 
     </span>
     <span class='ocr_line' id='line_1_23' title="bbox 331 1833 2434 1895; baseline -0.004 -11"><span class='ocrx_word' id='word_1_248' title='bbox 331 1847 450 1895; x_wconf 87' lang='lat' dir='ltr'>prout</span> <span class='ocrx_word' id='word_1_249' title='bbox 476 1841 595 1882; x_wconf 89' lang='lat' dir='ltr'>hodie</span> <span class='ocrx_word' id='word_1_250' title='bbox 623 1840 810 1881; x_wconf 86' lang='lat' dir='ltr'>lavantur</span> <span class='ocrx_word' id='word_1_251' title='bbox 837 1839 1006 1885; x_wconf 87' lang='lat' dir='ltr'>ibidem,</span> <span class='ocrx_word' id='word_1_252' title='bbox 1035 1841 1185 1877; x_wconf 81' lang='lat' dir='ltr'>statuas</span> <span class='ocrx_word' id='word_1_253' title='bbox 1212 1836 1431 1887; x_wconf 78' lang='lat' dir='ltr'>imaginum</span> <span class='ocrx_word' id='word_1_254' title='bbox 1452 1838 1493 1874; x_wconf 89' lang='lat' dir='ltr'>et</span> <span class='ocrx_word' id='word_1_255' title='bbox 1512 1834 1772 1884; x_wconf 84' lang='lat' dir='ltr'>personarum</span> <span class='ocrx_word' id='word_1_256' title='bbox 1793 1833 1959 1885; x_wconf 89' lang='lat' dir='ltr'>figuras,</span> <span class='ocrx_word' id='word_1_257' title='bbox 1985 1834 2028 1873; x_wconf 92' lang='lat' dir='ltr'>in</span> <span class='ocrx_word' id='word_1_258' title='bbox 2045 1835 2106 1874; x_wconf 89' lang='lat' dir='ltr'>sui</span> <span class='ocrx_word' id='word_1_259' title='bbox 2122 1836 2297 1885; x_wconf 85' lang='lat' dir='ltr'>corporis</span> <span class='ocrx_word' id='word_1_260' title='bbox 2319 1841 2434 1887; x_wconf 77' lang='lat' dir='ltr'>parte</span> 
     </span>
     <span class='ocr_line' id='line_1_24' title="bbox 331 1897 2433 1955; baseline -0.003 -6"><span class='ocrx_word' id='word_1_261' title='bbox 331 1909 649 1949; x_wconf 87' lang='lat' dir='ltr'>demonstrantes</span> <span class='ocrx_word' id='word_1_262' title='bbox 676 1902 931 1944; x_wconf 84' lang='lat' dir='ltr'>infirmitates</span> <span class='ocrx_word' id='word_1_263' title='bbox 959 1903 1155 1955; x_wconf 83' lang='lat' dir='ltr'>singulas,</span> <span class='ocrx_word' id='word_1_264' title='bbox 1194 1904 1334 1940; x_wconf 86' lang='lat' dir='ltr'>contra</span> <span class='ocrx_word' id='word_1_265' title='bbox 1359 1912 1458 1951; x_wconf 86' lang='lat' dir='ltr'>quas</span> <span class='ocrx_word' id='word_1_266' title='bbox 1483 1899 1666 1939; x_wconf 86' lang='lat' dir='ltr'>thermae</span> <span class='ocrx_word' id='word_1_267' title='bbox 1691 1902 1733 1939; x_wconf 92' lang='lat' dir='ltr'>et</span> <span class='ocrx_word' id='word_1_268' title='bbox 1759 1897 1889 1938; x_wconf 81' lang='lat' dir='ltr'>sontes</span> <span class='ocrx_word' id='word_1_269' title='bbox 1923 1898 2126 1949; x_wconf 82' lang='lat' dir='ltr'>quaelibet</span> <span class='ocrx_word' id='word_1_270' title='bbox 2148 1900 2433 1951; x_wconf 68' lang='lat' dir='ltr'>perficiebantz</span> 
     </span>
     <span class='ocr_line' id='line_1_25' title="bbox 332 1962 2432 2025; baseline -0.002 -12"><span class='ocrx_word' id='word_1_271' title='bbox 332 1985 432 2025; x_wconf 84' lang='lat' dir='ltr'>quas</span> <span class='ocrx_word' id='word_1_272' title='bbox 458 1985 507 2012; x_wconf 88' lang='lat' dir='ltr'>ex</span> <span class='ocrx_word' id='word_1_273' title='bbox 532 1974 623 2020; x_wconf 92' lang='lat' dir='ltr'>post</span> <span class='ocrx_word' id='word_1_274' title='bbox 648 1969 791 2010; x_wconf 89' lang='lat' dir='ltr'>medici</span> <span class='ocrx_word' id='word_1_275' title='bbox 820 1969 995 2021; x_wconf 88' lang='lat' dir='ltr'>graviter</span> <span class='ocrx_word' id='word_1_276' title='bbox 1022 1967 1112 2007; x_wconf 93' lang='lat' dir='ltr'>odio</span> <span class='ocrx_word' id='word_1_277' title='bbox 1140 1978 1293 2006; x_wconf 87' lang='lat' dir='ltr'>necnon</span> <span class='ocrx_word' id='word_1_278' title='bbox 1321 1964 1568 2005; x_wconf 88' lang='lat' dir='ltr'>emolimenti</span> <span class='ocrx_word' id='word_1_279' title='bbox 1594 1963 1741 2003; x_wconf 86' lang='lat' dir='ltr'>damno</span> <span class='ocrx_word' id='word_1_280' title='bbox 1764 1964 1949 2002; x_wconf 86' lang='lat' dir='ltr'>commoti</span> <span class='ocrx_word' id='word_1_281' title='bbox 1976 1962 2432 2008; x_wconf 72' lang='lat' dir='ltr'>devastarunt—Ordi-</span> 
     </span>
     <span class='ocr_line' id='line_1_26' title="bbox 338 2026 2430 2084; baseline -0.002 -6"><span class='ocrx_word' id='word_1_282' title='bbox 338 2038 449 2084; x_wconf 82' lang='lat' dir='ltr'>navit</span> <span class='ocrx_word' id='word_1_283' title='bbox 482 2036 646 2084; x_wconf 82' lang='lat' dir='ltr'>insuper</span> <span class='ocrx_word' id='word_1_284' title='bbox 682 2032 875 2084; x_wconf 84' lang='lat' dir='ltr'>Virgilius</span> <span class='ocrx_word' id='word_1_285' title='bbox 918 2031 1147 2082; x_wconf 88' lang='lat' dir='ltr'>p1aedictus</span> <span class='ocrx_word' id='word_1_286' title='bbox 1186 2031 1229 2069; x_wconf 91' lang='lat' dir='ltr'>in</span> <span class='ocrx_word' id='word_1_287' title='bbox 1265 2029 1502 2081; x_wconf 88' lang='lat' dir='ltr'>Tripergula</span> <span class='ocrx_word' id='word_1_288' title='bbox 1531 2027 1739 2080; x_wconf 88' lang='lat' dir='ltr'>quoddam</span> <span class='ocrx_word' id='word_1_289' title='bbox 1771 2026 1973 2067; x_wconf 80' lang='lat' dir='ltr'>sudarium</span> <span class='ocrx_word' id='word_1_290' title='bbox 2013 2029 2055 2068; x_wconf 91' lang='lat' dir='ltr'>in</span> <span class='ocrx_word' id='word_1_291' title='bbox 2087 2029 2217 2070; x_wconf 90' lang='lat' dir='ltr'>locum</span> <span class='ocrx_word' id='word_1_292' title='bbox 2252 2031 2430 2084; x_wconf 89' lang='lat' dir='ltr'>undique</span> 
     </span>
     <span class='ocr_line' id='line_1_27' title="bbox 335 2091 2429 2150; baseline -0.003 -7"><span class='ocrx_word' id='word_1_293' title='bbox 335 2103 530 2147; x_wconf 88' lang='lat' dir='ltr'>clausum,</span> <span class='ocrx_word' id='word_1_294' title='bbox 568 2098 619 2139; x_wconf 87' lang='lat' dir='ltr'>ad</span> <span class='ocrx_word' id='word_1_295' title='bbox 644 2099 772 2138; x_wconf 88' lang='lat' dir='ltr'>instar</span> <span class='ocrx_word' id='word_1_296' title='bbox 800 2096 1000 2137; x_wconf 82' lang='lat' dir='ltr'>Stufarum</span> <span class='ocrx_word' id='word_1_297' title='bbox 1028 2097 1081 2149; x_wconf 69' lang='grc' dir='ltr'>(Ρ)</span> <span class='ocrx_word' id='word_1_298' title='bbox 1109 2096 1152 2135; x_wconf 88' lang='lat' dir='ltr'>in</span> <span class='ocrx_word' id='word_1_299' title='bbox 1178 2094 1363 2135; x_wconf 85' lang='lat' dir='ltr'>Almania</span> <span class='ocrx_word' id='word_1_300' title='bbox 1390 2093 1656 2135; x_wconf 82' lang='lat' dir='ltr'>artificialiter</span> <span class='ocrx_word' id='word_1_301' title='bbox 1682 2091 1734 2132; x_wconf 81' lang='lat' dir='ltr'>ad</span> <span class='ocrx_word' id='word_1_302' title='bbox 1760 2091 1973 2131; x_wconf 79' lang='lat' dir='ltr'>lavandum</span> <span class='ocrx_word' id='word_1_303' title='bbox 2011 2097 2052 2133; x_wconf 89' lang='lat' dir='ltr'>et</span> <span class='ocrx_word' id='word_1_304' title='bbox 2088 2094 2310 2150; x_wconf 84' lang='lat' dir='ltr'>sudandum</span> <span class='ocrx_word' id='word_1_305' title='bbox 2334 2109 2429 2137; x_wconf 86' lang='lat' dir='ltr'>con-</span> 
     </span>
    </p>

    <p class='ocr_par' dir='ltr' id='par_1_3' title="bbox 324 2147 2434 3127">
     <span class='ocr_line' id='line_1_28' title="bbox 330 2147 2433 2214; baseline -0.003 -5"><span class='ocrx_word' id='word_1_306' title='bbox 330 2170 572 2210; x_wconf 86' lang='lat' dir='ltr'>structarum</span> <span class='ocrx_word' id='word_1_307' title='bbox 597 2163 845 2214; x_wconf 86' lang='lat' dir='ltr'>pertinenter</span> <span class='ocrx_word' id='word_1_308' title='bbox 871 2151 1108 2204; x_wconf 82' lang='lat' dir='ltr'>ordinatum</span> <span class='ocrx_word' id='word_1_309' title='bbox 1165 2161 1218 2201; x_wconf 91' lang='lat' dir='ltr'>Et</span> <span class='ocrx_word' id='word_1_310' title='bbox 1246 2160 1393 2211; x_wconf 84' lang='lat' dir='ltr'>duplex</span> <span class='ocrx_word' id='word_1_311' title='bbox 1421 2162 1482 2200; x_wconf 83' lang='lat' dir='ltr'>est</span> <span class='ocrx_word' id='word_1_312' title='bbox 1509 2162 1551 2199; x_wconf 91' lang='lat' dir='ltr'>et</span> <span class='ocrx_word' id='word_1_313' title='bbox 1578 2158 1715 2198; x_wconf 89' lang='lat' dir='ltr'>taliter</span> <span class='ocrx_word' id='word_1_314' title='bbox 1740 2157 1988 2208; x_wconf 85' lang='lat' dir='ltr'>dispositum.</span> <span class='ocrx_word' id='word_1_315' title='bbox 2052 2158 2154 2200; x_wconf 86' lang='lat' dir='ltr'>Nam</span> <span class='ocrx_word' id='word_1_316' title='bbox 2180 2161 2223 2200; x_wconf 89' lang='lat' dir='ltr'>in</span> <span class='ocrx_word' id='word_1_317' title='bbox 2252 2147 2433 2213; x_wconf 79' lang='lat' dir='ltr'>quolibet</span> 
     </span>
     <span class='ocr_line' id='line_1_29' title="bbox 333 2223 2433 2279; baseline -0.002 -6"><span class='ocrx_word' id='word_1_318' title='bbox 333 2235 422 2274; x_wconf 89' lang='lat' dir='ltr'>loco</span> <span class='ocrx_word' id='word_1_319' title='bbox 450 2231 587 2271; x_wconf 83' lang='lat' dir='ltr'>taliter</span> <span class='ocrx_word' id='word_1_320' title='bbox 614 2228 798 2268; x_wconf 88' lang='lat' dir='ltr'>manibus</span> <span class='ocrx_word' id='word_1_321' title='bbox 825 2227 1029 2266; x_wconf 90' lang='lat' dir='ltr'>hominum</span> <span class='ocrx_word' id='word_1_322' title='bbox 1059 2230 1285 2266; x_wconf 73' lang='lat' dir='ltr'>constructo</span> <span class='ocrx_word' id='word_1_323' title='bbox 1313 2228 1356 2264; x_wconf 91' lang='lat' dir='ltr'>et</span> <span class='ocrx_word' id='word_1_324' title='bbox 1382 2224 1629 2264; x_wconf 84' lang='lat' dir='ltr'>testudinato</span> <span class='ocrx_word' id='word_1_325' title='bbox 1662 2223 1711 2263; x_wconf 90' lang='lat' dir='ltr'>de</span> <span class='ocrx_word' id='word_1_326' title='bbox 1747 2223 1927 2262; x_wconf 84' lang='lat' dir='ltr'>cavernis</span> <span class='ocrx_word' id='word_1_327' title='bbox 1952 2227 2081 2265; x_wconf 84' lang='lat' dir='ltr'>terrae</span> <span class='ocrx_word' id='word_1_328' title='bbox 2116 2225 2225 2267; x_wconf 84' lang='lat' dir='ltr'>calor</span> <span class='ocrx_word' id='word_1_329' title='bbox 2257 2228 2433 2279; x_wconf 85' lang='lat' dir='ltr'>erumpit</span> 
     </span>
     <span class='ocr_line' id='line_1_30' title="bbox 324 2287 2430 2346; baseline -0.001 -9"><span class='ocrx_word' id='word_1_330' title='bbox 324 2298 482 2340; x_wconf 77' lang='lat' dir='ltr'>calidus</span> <span class='ocrx_word' id='word_1_331' title='bbox 502 2298 543 2336; x_wconf 87' lang='lat' dir='ltr'>et</span> <span class='ocrx_word' id='word_1_332' title='bbox 560 2291 748 2333; x_wconf 88' lang='lat' dir='ltr'>humidus</span> <span class='ocrx_word' id='word_1_333' title='bbox 764 2291 1077 2339; x_wconf 80' lang='lat' dir='ltr'>naturalissime,</span> <span class='ocrx_word' id='word_1_334' title='bbox 1106 2291 1148 2331; x_wconf 92' lang='lat' dir='ltr'>iu</span> <span class='ocrx_word' id='word_1_335' title='bbox 1175 2304 1252 2343; x_wconf 91' lang='lat' dir='ltr'>quo</span> <span class='ocrx_word' id='word_1_336' title='bbox 1280 2290 1462 2331; x_wconf 90' lang='lat' dir='ltr'>homines</span> <span class='ocrx_word' id='word_1_337' title='bbox 1488 2292 1621 2331; x_wconf 83' lang='lat' dir='ltr'>terrae</span> <span class='ocrx_word' id='word_1_338' title='bbox 1648 2292 1690 2329; x_wconf 91' lang='lat' dir='ltr'>et</span> <span class='ocrx_word' id='word_1_339' title='bbox 1716 2287 1950 2339; x_wconf 85' lang='lat' dir='ltr'>praesertim</span> <span class='ocrx_word' id='word_1_340' title='bbox 1976 2289 2194 2340; x_wconf 79' lang='lat' dir='ltr'>arthritici,</span> <span class='ocrx_word' id='word_1_341' title='bbox 2220 2291 2430 2346; x_wconf 82' lang='lat' dir='ltr'>podagrici</span> 
     </span>
     <span class='ocr_line' id='line_1_31' title="bbox 329 2353 2428 2415; baseline -0.004 -8"><span class='ocrx_word' id='word_1_342' title='bbox 329 2369 370 2408; x_wconf 91' lang='lat' dir='ltr'>et</span> <span class='ocrx_word' id='word_1_343' title='bbox 394 2359 610 2415; x_wconf 83' lang='lat' dir='ltr'>chiragrici</span> <span class='ocrx_word' id='word_1_344' title='bbox 639 2361 709 2400; x_wconf 89' lang='lat' dir='ltr'>aut</span> <span class='ocrx_word' id='word_1_345' title='bbox 733 2357 962 2413; x_wconf 72' lang='lat' dir='ltr'>vulneribus</span> <span class='ocrx_word' id='word_1_346' title='bbox 991 2370 1201 2398; x_wconf 90' lang='lat' dir='ltr'>nervorum</span> <span class='ocrx_word' id='word_1_347' title='bbox 1229 2356 1528 2410; x_wconf 79' lang='lat' dir='ltr'>coagulatorum</span> <span class='ocrx_word' id='word_1_348' title='bbox 1556 2355 1761 2396; x_wconf 90' lang='lat' dir='ltr'>constricti</span> <span class='ocrx_word' id='word_1_349' title='bbox 1797 2353 2006 2406; x_wconf 84' lang='lat' dir='ltr'>pristinam</span> <span class='ocrx_word' id='word_1_350' title='bbox 2039 2361 2245 2397; x_wconf 80' lang='lat' dir='ltr'>resumunt</span> <span class='ocrx_word' id='word_1_351' title='bbox 2276 2358 2428 2399; x_wconf 86' lang='lat' dir='ltr'>incolu-</span> 
     </span>
     <span class='ocr_line' id='line_1_32' title="bbox 327 2421 2431 2478; baseline -0.002 -7"><span class='ocrx_word' id='word_1_352' title='bbox 327 2431 520 2471; x_wconf 78' lang='lat' dir='ltr'>mitatem.</span> <span class='ocrx_word' id='word_1_353' title='bbox 584 2426 636 2464; x_wconf 88' lang='lat' dir='ltr'>Et</span> <span class='ocrx_word' id='word_1_354' title='bbox 661 2424 768 2475; x_wconf 90' lang='lat' dir='ltr'>quod</span> <span class='ocrx_word' id='word_1_355' title='bbox 793 2424 901 2462; x_wconf 85' lang='lat' dir='ltr'>locus</span> <span class='ocrx_word' id='word_1_356' title='bbox 930 2424 1022 2478; x_wconf 85' lang='lat' dir='ltr'>iste,</span> <span class='ocrx_word' id='word_1_357' title='bbox 1059 2425 1127 2474; x_wconf 90' lang='lat' dir='ltr'>qui</span> <span class='ocrx_word' id='word_1_358' title='bbox 1155 2423 1390 2474; x_wconf 87' lang='lat' dir='ltr'>Tripergula</span> <span class='ocrx_word' id='word_1_359' title='bbox 1426 2422 1591 2470; x_wconf 89' lang='lat' dir='ltr'>dicitur,</span> <span class='ocrx_word' id='word_1_360' title='bbox 1631 2421 1709 2461; x_wconf 85' lang='lat' dir='ltr'>fuit</span> <span class='ocrx_word' id='word_1_361' title='bbox 1747 2421 1893 2462; x_wconf 86' lang='lat' dir='ltr'>electus</span> <span class='ocrx_word' id='word_1_362' title='bbox 1928 2435 2001 2473; x_wconf 89' lang='lat' dir='ltr'>per</span> <span class='ocrx_word' id='word_1_363' title='bbox 2028 2421 2260 2475; x_wconf 87' lang='lat' dir='ltr'>Virgilium,</span> <span class='ocrx_word' id='word_1_364' title='bbox 2296 2428 2344 2466; x_wconf 85' lang='lat' dir='ltr'>ut</span> <span class='ocrx_word' id='word_1_365' title='bbox 2377 2425 2431 2469; x_wconf 84' lang='lat' dir='ltr'>ab</span> 
     </span>
     <span class='ocr_line' id='line_1_33' title="bbox 329 2487 2432 2541; baseline -0.002 -5"><span class='ocrx_word' id='word_1_366' title='bbox 329 2495 526 2535; x_wconf 89' lang='lat' dir='ltr'>humanae</span> <span class='ocrx_word' id='word_1_367' title='bbox 556 2489 756 2531; x_wconf 85' lang='lat' dir='ltr'>societatis</span> <span class='ocrx_word' id='word_1_368' title='bbox 784 2488 1060 2528; x_wconf 83' lang='lat' dir='ltr'>eliminaretur</span> <span class='ocrx_word' id='word_1_369' title='bbox 1089 2487 1333 2540; x_wconf 84' lang='lat' dir='ltr'>frequentia,</span> <span class='ocrx_word' id='word_1_370' title='bbox 1351 2487 1477 2540; x_wconf 91' lang='lat' dir='ltr'>·quod</span> <span class='ocrx_word' id='word_1_371' title='bbox 1504 2487 1795 2538; x_wconf 87' lang='lat' dir='ltr'>circumseptus</span> <span class='ocrx_word' id='word_1_372' title='bbox 1821 2490 1890 2533; x_wconf 72' lang='lat' dir='ltr'>est,</span> <span class='ocrx_word' id='word_1_373' title='bbox 1908 2488 1958 2528; x_wconf 89' lang='lat' dir='ltr'>ab</span> <span class='ocrx_word' id='word_1_374' title='bbox 1983 2500 2064 2529; x_wconf 87' lang='lat' dir='ltr'>una</span> <span class='ocrx_word' id='word_1_375' title='bbox 2092 2492 2208 2540; x_wconf 84' lang='lat' dir='ltr'>parte</span> <span class='ocrx_word' id='word_1_376' title='bbox 2233 2490 2432 2541; x_wconf 82' lang='lat' dir='ltr'>profundo</span> 
     </span>
     <span class='ocr_line' id='line_1_34' title="bbox 332 2552 2433 2607; baseline -0.001 -6"><span class='ocrx_word' id='word_1_377' title='bbox 332 2559 454 2600; x_wconf 90' lang='lat' dir='ltr'>maris</span> <span class='ocrx_word' id='word_1_378' title='bbox 483 2562 522 2599; x_wconf 89' lang='lat' dir='ltr'>et</span> <span class='ocrx_word' id='word_1_379' title='bbox 549 2556 600 2597; x_wconf 83' lang='lat' dir='ltr'>ab</span> <span class='ocrx_word' id='word_1_380' title='bbox 626 2555 706 2595; x_wconf 88' lang='lat' dir='ltr'>alia</span> <span class='ocrx_word' id='word_1_381' title='bbox 732 2554 934 2594; x_wconf 89' lang='lat' dir='ltr'>montibus</span> <span class='ocrx_word' id='word_1_382' title='bbox 962 2554 1093 2595; x_wconf 81' lang='lat' dir='ltr'>saxeis</span> <span class='ocrx_word' id='word_1_383' title='bbox 1121 2554 1359 2595; x_wconf 85' lang='lat' dir='ltr'>excellenter</span> <span class='ocrx_word' id='word_1_384' title='bbox 1386 2553 1726 2605; x_wconf 89' lang='lat' dir='ltr'>prominentibus,</span> <span class='ocrx_word' id='word_1_385' title='bbox 1753 2552 1859 2592; x_wconf 86' lang='lat' dir='ltr'>ultra</span> <span class='ocrx_word' id='word_1_386' title='bbox 1885 2566 1982 2604; x_wconf 87' lang='lat' dir='ltr'>quos</span> <span class='ocrx_word' id='word_1_387' title='bbox 2008 2553 2201 2607; x_wconf 88' lang='lat' dir='ltr'>Virgilius</span> <span class='ocrx_word' id='word_1_388' title='bbox 2225 2556 2433 2598; x_wconf 73' lang='lat' dir='ltr'>ambulare</span> 
     </span>
     <span class='ocr_line' id='line_1_35' title="bbox 331 2617 2434 2671; baseline 0 -9"><span class='ocrx_word' id='word_1_389' title='bbox 331 2622 484 2663; x_wconf 88' lang='lat' dir='ltr'>solebat</span> <span class='ocrx_word' id='word_1_390' title='bbox 523 2633 611 2659; x_wconf 89' lang='lat' dir='ltr'>cum</span> <span class='ocrx_word' id='word_1_391' title='bbox 650 2617 877 2658; x_wconf 77' lang='lat' dir='ltr'>familia&#39;de</span> <span class='ocrx_word' id='word_1_392' title='bbox 905 2617 1023 2658; x_wconf 89' lang='lat' dir='ltr'>domo</span> <span class='ocrx_word' id='word_1_393' title='bbox 1051 2632 1122 2659; x_wconf 86' lang='lat' dir='ltr'>sua</span> <span class='ocrx_word' id='word_1_394' title='bbox 1149 2620 1200 2660; x_wconf 86' lang='lat' dir='ltr'>ad</span> <span class='ocrx_word' id='word_1_395' title='bbox 1227 2621 1418 2671; x_wconf 82' lang='lat' dir='ltr'>palatium</span> <span class='ocrx_word' id='word_1_396' title='bbox 1446 2619 1699 2671; x_wconf 86' lang='lat' dir='ltr'>imperatoris</span> <span class='ocrx_word' id='word_1_397' title='bbox 1726 2619 1768 2658; x_wconf 90' lang='lat' dir='ltr'>in</span> <span class='ocrx_word' id='word_1_398' title='bbox 1796 2618 1954 2661; x_wconf 90' lang='lat' dir='ltr'>civitate</span> <span class='ocrx_word' id='word_1_399' title='bbox 1978 2620 2184 2670; x_wconf 82' lang='lat' dir='ltr'>praedicta</span> <span class='ocrx_word' id='word_1_400' title='bbox 2204 2621 2434 2665; x_wconf 74' lang='lat' dir='ltr'>residentis.</span> 
     </span>
     <span class='ocr_line' id='line_1_36' title="bbox 327 2682 2430 2738; baseline 0 -11"><span class='ocrx_word' id='word_1_401' title='bbox 327 2686 443 2728; x_wconf 90' lang='lat' dir='ltr'>Unde</span> <span class='ocrx_word' id='word_1_402' title='bbox 468 2684 743 2736; x_wconf 85' lang='lat' dir='ltr'>contingebat,</span> <span class='ocrx_word' id='word_1_403' title='bbox 771 2682 878 2735; x_wconf 89' lang='lat' dir='ltr'>quod</span> <span class='ocrx_word' id='word_1_404' title='bbox 892 2684 976 2734; x_wconf 91' lang='lat' dir='ltr'>ipse</span> <span class='ocrx_word' id='word_1_405' title='bbox 990 2682 1181 2736; x_wconf 86' lang='lat' dir='ltr'>Virgilius</span> <span class='ocrx_word' id='word_1_406' title='bbox 1209 2699 1331 2725; x_wconf 90' lang='lat' dir='ltr'>unum</span> <span class='ocrx_word' id='word_1_407' title='bbox 1350 2685 1400 2727; x_wconf 89' lang='lat' dir='ltr'>de</span> <span class='ocrx_word' id='word_1_408' title='bbox 1420 2685 1571 2725; x_wconf 84' lang='lat' dir='ltr'>familia</span> <span class='ocrx_word' id='word_1_409' title='bbox 1593 2697 1665 2725; x_wconf 89' lang='lat' dir='ltr'>sua</span> <span class='ocrx_word' id='word_1_410' title='bbox 1684 2683 1969 2724; x_wconf 86' lang='lat' dir='ltr'>cubicularium</span> <span class='ocrx_word' id='word_1_411' title='bbox 2004 2685 2081 2726; x_wconf 85' lang='lat' dir='ltr'>sibi</span> <span class='ocrx_word' id='word_1_412' title='bbox 2100 2687 2430 2738; x_wconf 84' lang='lat' dir='ltr'>specialissimum</span> 
     </span>
     <span class='ocr_line' id='line_1_37' title="bbox 328 2748 2430 2804; baseline 0.001 -14"><span class='ocrx_word' id='word_1_413' title='bbox 328 2752 380 2790; x_wconf 86' lang='lat' dir='ltr'>ab</span> <span class='ocrx_word' id='word_1_414' title='bbox 416 2750 667 2799; x_wconf 87' lang='lat' dir='ltr'>imperatoris</span> <span class='ocrx_word' id='word_1_415' title='bbox 704 2749 856 2798; x_wconf 87' lang='lat' dir='ltr'>palatio</span> <span class='ocrx_word' id='word_1_416' title='bbox 892 2748 1086 2800; x_wconf 88' lang='lat' dir='ltr'>dirigeret</span> <span class='ocrx_word' id='word_1_417' title='bbox 1111 2750 1154 2789; x_wconf 92' lang='lat' dir='ltr'>in</span> <span class='ocrx_word' id='word_1_418' title='bbox 1180 2764 1290 2790; x_wconf 85' lang='lat' dir='ltr'>suam</span> <span class='ocrx_word' id='word_1_419' title='bbox 1318 2751 1611 2791; x_wconf 87' lang='lat' dir='ltr'>habitationem</span> <span class='ocrx_word' id='word_1_420' title='bbox 1635 2762 1710 2800; x_wconf 89' lang='lat' dir='ltr'>pro</span> <span class='ocrx_word' id='word_1_421' title='bbox 1737 2748 1909 2800; x_wconf 89' lang='lat' dir='ltr'>quodam</span> <span class='ocrx_word' id='word_1_422' title='bbox 1936 2749 2040 2791; x_wconf 90' lang='lat' dir='ltr'>libro</span> <span class='ocrx_word' id='word_1_423' title='bbox 2068 2750 2270 2792; x_wconf 81' lang='lat' dir='ltr'>facultatis</span> <span class='ocrx_word' id='word_1_424' title='bbox 2295 2752 2430 2804; x_wconf 83' lang='lat' dir='ltr'>nigro-</span> 
     </span>
     <span class='ocr_line' id='line_1_38' title="bbox 329 2812 2429 2866; baseline 0 -11"><span class='ocrx_word' id='word_1_425' title='bbox 329 2816 526 2855; x_wconf 88' lang='lat' dir='ltr'>manticae</span> <span class='ocrx_word' id='word_1_426' title='bbox 560 2813 728 2852; x_wconf 87' lang='lat' dir='ltr'>firmiter</span> <span class='ocrx_word' id='word_1_427' title='bbox 762 2812 997 2854; x_wconf 82' lang='lat' dir='ltr'>obtestando</span> <span class='ocrx_word' id='word_1_428' title='bbox 1033 2829 1106 2855; x_wconf 89' lang='lat' dir='ltr'>nec</span> <span class='ocrx_word' id='word_1_429' title='bbox 1140 2815 1288 2855; x_wconf 87' lang='lat' dir='ltr'>librum</span> <span class='ocrx_word' id='word_1_430' title='bbox 1323 2815 1496 2856; x_wconf 89' lang='lat' dir='ltr'>eundem</span> <span class='ocrx_word' id='word_1_431' title='bbox 1527 2814 1704 2865; x_wconf 90' lang='lat' dir='ltr'>aperiret</span> <span class='ocrx_word' id='word_1_432' title='bbox 1738 2818 1808 2854; x_wconf 84' lang='lat' dir='ltr'>aut</span> <span class='ocrx_word' id='word_1_433' title='bbox 1847 2815 2051 2866; x_wconf 83' lang='lat' dir='ltr'>signacula</span> <span class='ocrx_word' id='word_1_434' title='bbox 2090 2829 2164 2856; x_wconf 85' lang='lat' dir='ltr'>sua</span> <span class='ocrx_word' id='word_1_435' title='bbox 2202 2817 2429 2857; x_wconf 85' lang='lat' dir='ltr'>resolveret.</span> 
     </span>
     <span class='ocr_line' id='line_1_39' title="bbox 327 2876 2431 2932; baseline 0 -11"><span class='ocrx_word' id='word_1_436' title='bbox 327 2879 446 2921; x_wconf 87' lang='lat' dir='ltr'>Unde</span> <span class='ocrx_word' id='word_1_437' title='bbox 472 2880 514 2917; x_wconf 90' lang='lat' dir='ltr'>in</span> <span class='ocrx_word' id='word_1_438' title='bbox 542 2878 680 2917; x_wconf 85' lang='lat' dir='ltr'>eodem</span> <span class='ocrx_word' id='word_1_439' title='bbox 707 2876 950 2918; x_wconf 89' lang='lat' dir='ltr'>cubiculario</span> <span class='ocrx_word' id='word_1_440' title='bbox 976 2879 1018 2918; x_wconf 92' lang='lat' dir='ltr'>in</span> <span class='ocrx_word' id='word_1_441' title='bbox 1045 2883 1201 2920; x_wconf 88' lang='lat' dir='ltr'>tantum</span> <span class='ocrx_word' id='word_1_442' title='bbox 1224 2880 1421 2921; x_wconf 87' lang='lat' dir='ltr'>incitabat</span> <span class='ocrx_word' id='word_1_443' title='bbox 1444 2878 1629 2920; x_wconf 80' lang='lat' dir='ltr'>affectum</span> <span class='ocrx_word' id='word_1_444' title='bbox 1648 2878 1884 2930; x_wconf 81' lang='lat' dir='ltr'>prohibitio,</span> <span class='ocrx_word' id='word_1_445' title='bbox 1911 2880 2018 2932; x_wconf 89' lang='lat' dir='ltr'>quod</span> <span class='ocrx_word' id='word_1_446' title='bbox 2035 2881 2136 2922; x_wconf 85' lang='lat' dir='ltr'>alias</span> <span class='ocrx_word' id='word_1_447' title='bbox 2153 2880 2331 2922; x_wconf 76' lang='lat' dir='ltr'>facturus</span> <span class='ocrx_word' id='word_1_448' title='bbox 2350 2894 2431 2922; x_wconf 89' lang='lat' dir='ltr'>non</span> 
     </span>
     <span class='ocr_line' id='line_1_40' title="bbox 328 2941 2431 2998; baseline 0.002 -14"><span class='ocrx_word' id='word_1_449' title='bbox 328 2955 480 2985; x_wconf 89' lang='lat' dir='ltr'>memor</span> <span class='ocrx_word' id='word_1_450' title='bbox 508 2941 660 2990; x_wconf 84' lang='lat' dir='ltr'>fuerat,</span> <span class='ocrx_word' id='word_1_451' title='bbox 687 2942 869 2982; x_wconf 82' lang='lat' dir='ltr'>mirando</span> <span class='ocrx_word' id='word_1_452' title='bbox 897 2944 1124 2984; x_wconf 51' lang='lat' dir='ltr'>concitatus&gt;</span> <span class='ocrx_word' id='word_1_453' title='bbox 1144 2945 1422 2996; x_wconf 81' lang='lat' dir='ltr'>attemptabat.</span> <span class='ocrx_word' id='word_1_454' title='bbox 1477 2942 1532 2983; x_wconf 74' lang='lat' dir='ltr'>Et</span> <span class='ocrx_word' id='word_1_455' title='bbox 1557 2943 1614 2983; x_wconf 86' lang='lat' dir='ltr'>Sic</span> <span class='ocrx_word' id='word_1_456' title='bbox 1640 2944 1683 2984; x_wconf 92' lang='lat' dir='ltr'>in</span> <span class='ocrx_word' id='word_1_457' title='bbox 1710 2943 1809 2995; x_wconf 79' lang='lat' dir='ltr'>pede</span> <span class='ocrx_word' id='word_1_458' title='bbox 1838 2945 2005 2993; x_wconf 77' lang='lat' dir='ltr'>montis,</span> <span class='ocrx_word' id='word_1_459' title='bbox 2050 2958 2170 2998; x_wconf 83' lang='lat' dir='ltr'>quem</span> <span class='ocrx_word' id='word_1_460' title='bbox 2197 2957 2431 2987; x_wconf 74' lang='lat' dir='ltr'>ascensurus</span> 
     </span>
     <span class='ocr_line' id='line_1_41' title="bbox 327 3004 2429 3061; baseline 0.001 -12"><span class='ocrx_word' id='word_1_461' title='bbox 327 3006 565 3059; x_wconf 85' lang='lat' dir='ltr'>suspirando</span> <span class='ocrx_word' id='word_1_462' title='bbox 592 3006 739 3047; x_wconf 88' lang='lat' dir='ltr'>laboris</span> <span class='ocrx_word' id='word_1_463' title='bbox 766 3011 875 3048; x_wconf 89' lang='lat' dir='ltr'>metu</span> <span class='ocrx_word' id='word_1_464' title='bbox 898 3008 1137 3050; x_wconf 75' lang='lat' dir='ltr'>revertendo</span> <span class='ocrx_word' id='word_1_465' title='bbox 1165 3012 1446 3061; x_wconf 84' lang='lat' dir='ltr'>conspexerat,</span> <span class='ocrx_word' id='word_1_466' title='bbox 1483 3004 1578 3061; x_wconf 88' lang='lat' dir='ltr'>quid</span> <span class='ocrx_word' id='word_1_467' title='bbox 1604 3008 1648 3048; x_wconf 89' lang='lat' dir='ltr'>in</span> <span class='ocrx_word' id='word_1_468' title='bbox 1674 3007 1777 3049; x_wconf 88' lang='lat' dir='ltr'>libro</span> <span class='ocrx_word' id='word_1_469' title='bbox 1801 3010 2042 3051; x_wconf 85' lang='lat' dir='ltr'>scriberetur</span> <span class='ocrx_word' id='word_1_470' title='bbox 2063 3008 2285 3061; x_wconf 84' lang='lat' dir='ltr'>prohibito,</span> <span class='ocrx_word' id='word_1_471' title='bbox 2321 3009 2429 3052; x_wconf 86' lang='lat' dir='ltr'>desi·</span> 
     </span>
     <span class='ocr_line' id='line_1_42' title="bbox 325 3072 2430 3127; baseline 0 -12"><span class='ocrx_word' id='word_1_472' title='bbox 325 3075 518 3115; x_wconf 83' lang='lat' dir='ltr'>deranter</span> <span class='ocrx_word' id='word_1_473' title='bbox 545 3072 824 3123; x_wconf 89' lang='lat' dir='ltr'>prospiciebat.</span> <span class='ocrx_word' id='word_1_474' title='bbox 881 3073 934 3113; x_wconf 90' lang='lat' dir='ltr'>Et</span> <span class='ocrx_word' id='word_1_475' title='bbox 960 3073 1004 3113; x_wconf 92' lang='lat' dir='ltr'>in</span> <span class='ocrx_word' id='word_1_476' title='bbox 1027 3073 1114 3114; x_wconf 81' lang='lat' dir='ltr'>loco</span> <span class='ocrx_word' id='word_1_477' title='bbox 1142 3087 1216 3126; x_wconf 90' lang='lat' dir='ltr'>per</span> <span class='ocrx_word' id='word_1_478' title='bbox 1241 3073 1488 3127; x_wconf 86' lang='lat' dir='ltr'>signaculum</span> <span class='ocrx_word' id='word_1_479' title='bbox 1516 3073 1673 3126; x_wconf 79' lang='lat' dir='ltr'>signato</span> <span class='ocrx_word' id='word_1_480' title='bbox 1699 3078 1882 3116; x_wconf 85' lang='lat' dir='ltr'>recenter</span> <span class='ocrx_word' id='word_1_481' title='bbox 1896 3079 2026 3116; x_wconf 84' lang='lat' dir='ltr'>certos</span> <span class='ocrx_word' id='word_1_482' title='bbox 2053 3085 2223 3115; x_wconf 83' lang='lat' dir='ltr'>canones</span> <span class='ocrx_word' id='word_1_483' title='bbox 2248 3074 2430 3127; x_wconf 81' lang='lat' dir='ltr'>perlegit,</span> 
     </span>
    </p>
   </div>
  </div>
 </body>
</html>
