2781 3609
354 333 411 372 26

364 436 419 478 ad
447 449 493 477 os
518 438 675 477 teneret
700 437 743 476 et
771 433 882 474 cuius
907 431 1070 480 inflatu,
1102 431 1259 484 quoties
1294 432 1370 473 iste
1403 434 1560 473 ventus
1581 432 1852 480 subintrabat,
1885 432 2018 473 subito
2048 437 2259 479 retroverti
2293 442 2453 481 coactns

358 506 441 551 est,
464 505 511 543 nt
536 500 700 542 arbores
726 503 768 541 et
792 498 944 539 fructm
967 498 1053 539 sine
1079 497 1226 539 damno
1253 495 1476 540 crescerent
1510 500 1551 539 et
1584 497 1701 550 plene
1735 499 2083 540 maturescerent.“
2139 500 2341 544 Gne-adu
2361 504 2477 546 1000

355 567 551 609 tubicinis
575 565 625 607 de
651 563 872 618 sagittifero
898 576 941 604 se
967 562 1125 605 audisse
1165 566 1326 612 narrat,
1364 563 1434 627 qui
1468 562 1655 604 balistam
1679 566 1834 605 tensam
1860 565 2015 606 teneret
2026 560 2448 625 ειιςιζιιιιοπσὴφῦ-

355 637 466 681 cata,
491 631 612 684 idque
638 631 708 671 diu
733 628 1019 682 permansisse
1045 628 1172 670 donec
1195 629 1332 681 inepta
1357 623 1494 669 rustici
1521 627 1725 669 cniusdam
1750 625 1975 670 temeritate
1987 628 2052 670 vel
2075 629 2305 671 curiositate
2318 634 2449 674 totum

356 697 573 740 artificium
599 694 872 735 destrueretur
900 698 942 736 et
966 696 1178 747 pristinam
1203 695 1284 734 vim
1311 694 1522 734 amitteret.
1587 691 1773 733 Forsitan
1799 692 1892 733 huic
1918 688 2087 734 fabellae
2115 694 2290 745 primum
2314 694 2446 739 locum

357 763 533 809 dederitl,
560 760 666 813 quod
694 759 853 800 Servius
878 768 1038 808 narrat,
1066 759 1280 813 Virgilium
1307 772 1356 799 ex
1380 757 1554 798 Asiatico
1581 757 1687 799 bello
1712 757 1908 809 Neapolin
1934 772 2138 800 reversum
2175 760 2444 803 valetudinem

358 841 409 868 ex
434 828 523 866 ωῑιζι
549 825 678 864 ardore
704 824 949 866 contraxisse
975 829 1017 867 et
1042 825 1250 879 frigidiora
1274 823 1362 862 loca
1383 824 1638 873 appetentem
1665 822 1930 864 Brundusium
1958 836 1999 865 se
2027 824 2253 868 contulisse.
2284 825 2445 866 Etenim

357 893 503 944 ope'rae
528 889 703 942 pretium
730 902 815 930 esse
840 889 1053 932 videbatur
1077 890 1252 933 fabulam
1280 887 1542 936 comminisci,
1568 900 1618 928 ex
1643 901 1725 941 qua
1748 888 1839 930 illos
1853 888 2030 931 letiferos
2042 889 2204 932 ardores
2223 889 2451 941 aNeapolis

356 958 474 998 litore
502 955 716 996 benevolus
739 968 879 1007 magus
905 956 948 996 in
972 962 1207 1008 perpetuum
1234 953 1473 995 removisset.

468 1047 565 1088 Cum
590 1046 667 1086 hac
693 1045 833 1087 fabula
857 1032 1244 1087 aliamsimillimam
1275 1042 1453 1085 conferre
1480 1042 1593 1092 licet,
1618 1057 1719 1096 quae
1734 1043 1785 1084 ad
1795 1044 1947 1085 Aetnae
1973 1043 2133 1095 quidem
2152 1044 2297 1084 montis
2317 1044 2444 1096 regio-

358 1127 451 1154 nem
488 1111 634 1153 attinet
672 1114 714 1153 et
748 1111 793 1152 in
825 1111 1048 1165 fragmento
1080 1099 1332 1162 Olympiofioei
1364 1107 1545 1150 Thebani
1584 1107 1691 1160 apud
1723 1107 1947 1161 Photium*)
1980 1109 2044 1150 his
2076 1106 2206 1150 verbis
2240 1111 2447 1150 narratur·

358 1177 473 1227 „⁰On
499 1177 548 1217 τὸ
580 1174 742 1229 Ρήγιον
766 1175 1028 1229 μητροπολίς
1051 1174 1137 1215 ἐστι
1165 1175 1237 1226 τῆς
1265 1168 1493 1226 Βρεττίας,
1522 1173 1568 1222 ἐξ
1595 1167 1644 1214 οὗ
1673 1175 1800 1228 φησιν
1825 1172 1848 1213 ὃ
1889 1174 2062 1228 Ιιστοριιι
2063 1174 2098 1222 ἴς
2122 1171 2338 1228 Ἀλάριχον
2375 1173 2447 1214 ἐπὶ

357 1240 555 1283 Σικελίαν
584 1238 841 1292 βουλόμενον
879 1241 1172 1295 περαιωθῆναι
1198 1237 1486 1291 ἐπισχεθῆναι·
1515 1229 1728 1290 α’γαλμα
1766 1238 1844 1294 γάρ
1893 1254 1998 1293 φησι
2046 1237 2448 1288 τετελεσμένον

357 1304 580 1358 ιστάμενρν
616 1303 796 1345 ἐκώλυσε
830 1303 901 1357 τὴν
934 1301 1176 1357 περαίωσιν·
1219 1301 1436 1342 τετέλεστο
1474 1301 1542 1350 δὲ,
1591 1299 1649 1351 ὡς
1674 1305 1925 1358 μυθολογεῖ,
1981 1303 2098 1357 παρὰ
2136 1304 2218 1343 τῶν
2262 1298 2445 1357 ἆρχαίων

358 1367 747 1422 ἀποτρόπαιον
774 1383 818 1408 τε
847 1371 942 1409 τοῦ
968 1365 1072 1408 ἀπὸ
1112 1370 1203 1421 τῆς
1234 1363 1443 1420 Αἴτνης
1486 1366 1657 1422 πυρὸς
1694 1367 1765 1409 καὶ
1795 1368 1903 1423 πρὸς
1940 1366 2118 1408 κωλυσιν
2148 1367 2339 1423 παρόδου
2377 1365 2448 1408 διὰ

357 1434 581 1487 θαλάσσης
598 1431 841 1488 βαρβάρων·
872 1432 914 1473 ἐν
941 1431 1017 1485 γὰρ
1044 1434 1102 1485 τῷ
1129 1428 1187 1472 ἑνὶ
1217 1431 1318 1486 nod}
1346 1432 1427 1484 πῦρ
1458 1427 1686 1484 ἀκοίμητον
1707 1432 1897 1486 ἐτύγχανε
1923 1433 1992 1473 καὶ
2022 1431 2064 1472 ἕν
2101 1435 2161 1486 τῷ
2186 1428 2313 1486 ἑτέρῳ
2335 1429 2448 1485 ὕδωρ

359 1497 651 1553 ἀδιάφθορον,
684 1491 734 1539 οὗ
760 1497 1071 1545 καταλυθέντος
1100 1494 1271 1550 ὕστερον
1300 1493 1345 1536 ἔκ
1372 1510 1418 1535 τε
1444 1497 1522 1536 τοῦ
1544 1494 1755 1539 Αἰτναίου
1784 1497 1914 1553 πυρὸς
1943 1496 2011 1537 καὶ
2043 1496 2087 1538 ἐκ
2115 1498 2193 1537 τῶν
2219 1495 2444 1551 βαρβάρων

355 1563 521 1618 βλάβας
553 1561 576 1618 ἡ
601 1562 772 1604 Σικελία
815 1563 1000 1612 ἐδέξατο.
1060 1562 1402 1615 Κατέστρεψε
1437 1561 1483 1601 de*
1507 1560 1555 1601 τὸ
1575 1556 1740 1613 ι’ίγαλμα
1758 1560 2031 1616 Ἀσκληπιός,
2060 1558 2082 1601 ὁ
2111 1564 2193 1603 τῶν
2211 1562 2253 1602 ἐν
2276 1560 2446 1619 Σικελίᾳ

358 1626 578 1682 κτημάτων
606 1625 901 1667 Κωνσταντιόυ
937 1624 1006 1667 καὶ
1034 1623 1273 1673 Πλακιδίας
1300 1624 1511 1678 διοικητὴς
1547 1625 1797 1676 καταστάς.“
1835 1626 2040 1670 ‘Eandem
2077 1642 2162 1670 rem
2199 1627 2249 1671 de
2277 1628 2445 1671 Catania

356 1695 458 1736 urbe
487 1694 620 1736 Sicula
644 1693 940 1746 reperimur&
966 1684 1177 1741 ‚,Praese⁴hs
1202 1694 1335 1732 statua
1361 1690 1602 1732 elementum
1628 1691 1699 1744 (=
1727 1697 1950 1746 omnuim.
1980 1693 2086 1746 quod
2112 1694 2340 1746 Byzantinis
2356 1696 2381 1737 i.
2404 1710 2442 1748 q.

358 1757 672 1812 ἀποτρόπαιον)
701 1760 804 1800 aeris
831 1762 913 1807 est,
939 1772 989 1798 ne
1018 1757 1177 1810 quando
1203 1769 1465 1808 prorumpens
1491 1756 1642 1797 Aetnae
1672 1755 1832 1798 flamma
1864 1758 2006 1800 urbem
2034 1758 2256 1801 accendat.“
2316 1761 2444 1809 Quum

358 1838 453 1866 vero
489 1824 748 1876 Empedocles
782 1824 868 1872 ille,
913 1824 983 1876 qui
1018 1824 1063 1863 ιιι
1098 1822 1230 1874 patria
1262 1821 1359 1862 urbe
1386 1821 1596 1874 Agrigenti
1632 1821 1733 1862 vixit
1770 1826 1812 1864 et
1844 1823 1955 1864 cuius
1989 1823 2128 1864 domus
2161 1824 2233 1865 sub
2269 1828 2443 1866 montem

358 1890 530 1931 Aetnam
565 1889 762 1942 hodieque
810 1889 989 1930 nomine:
1039 1901 1142 1936 „casa
1167 1888 1225 1927 del
1239 1886 1405 1938 filosofo“
1442 1886 1493 1927 ab
1531 1885 1674 1927 incolis
1712 1887 1871 1928 credulo
1905 1888 2057 1928 viatori·
2077 1889 2296 1929 monstrari
2333 1889 2441 1936 solet,

357 1954 603 2006 magicarum
630 1956 776 1995 artium
804 1968 949 2007 guarus
972 1967 998 1994 a
1020 1952 1222 1994 veteribus
1247 1951 1463 1992 haberetur
1490 1954 1533 1992 et
1560 1964 1683 1993 aenea
1710 1953 1937 2004 philosophi
1972 1957 2104 1993 statua
2129 1954 2299 2004 primum
2325 1955 2441 2008 Agri-

258 2012 274 2024 ’
356 2019 467 2072 genti
481 2019 694 2068 collocata,
722 2024 807 2061 tum
819 2020 984 2061 Romam
1007 2020 1277 2069 transportata
1304 2016 1462 2064 fuisset,
1492 2015 1688 2057 coniicere
1716 2016 1832 2065 licet,
1859 2017 1969 2058 illam
1983 2017 2243 2070 Virgilianam
2268 2019 2444 2062 fabulam

356 2096 431 2125 nec
459 2084 591 2124 minus
618 2085 730 2125 illam
754 2084 1023 2138 olympiodori
1058 2083 1109 2125 ab
1137 2080 1377 2133 Empedocle
1413 2084 1455 2121 et
1481 2080 1706 2121 rumoribus
1744 2081 1793 2122 de
1828 2095 1874 2124 eo
1912 2083 2153 2124 circumlatis
2187 2083 2443 2126 derivandam

355 2163 451 2191 esse.
506 2150 642 2190 Tubae
668 2151 985 2193 additamentum
1016 2150 1138 2190 etiam
1166 2147 1267 2187 aliae
1296 2145 1456 2187 fabulae
1482 2146 1687 2197 praebent.
1752 2145 1816 2187 Ita
1843 2147 2056 2189 Liebrecht
2080 2149 2105 2189 L
2133 2149 2158 2191 l.
2185 2162 2234 2189 ex
2269 2149 2440 2191 Herber-

353 2213 505 2255 stainis
528 2227 666 2255 rerum
703 2214 1043 2255 Moscoviticarum
1078 2210 1373 2253 commentariis
1412 2210 1617 2263 (Basileae
1649 2211 1777 2265 1551)
1812 2211 1911 2254 haec
1941 2215 2156 2265 excerpsit·
2202 2216 2326 2263 „Slata
2358 2217 2445 2258 baba

353 2279 380 2321 i.
395 2292 428 2321 e.
456 2292 581 2320 aurea
608 2291 708 2319 anus
740 2277 891 2318 idolum
919 2280 980 2318 est
1011 2276 1061 2317 ad
1085 2275 1162 2316 Obi
1190 2276 1302 2317 ostia.
1358 2276 1603 2317 Fabulantur
1632 2277 1708 2318 hoc
1734 2276 1883 2318 idolum
1911 2282 2081 2320 statuam
2108 2293 2192 2322 esse
2212 2282 2256 2322 in
2274 2282 2443 2324 formam

352 2344 558 2385 cuiusdam
584 2357 701 2392 anus,
746 2356 849 2395 quae
876 2342 1000 2382 filiam
1032 2343 1077 2381 ιιι
1115 2342 1267 2394 gremio
1293 2344 1438 2382 teneat.
1491 2342 1703 2383 Praeterea
1727 2343 1992 2385 instrumenta
2018 2345 2212 2397 quaedam
2239 2346 2297 2388 ibi
2324 2359 2438 2397 posu-

350 2408 449 2458 isse,
476 2423 580 2461 quae
599 2413 839 2461 perpetuum
866 2421 1007 2449 sonum
1032 2407 1075 2447 in
1101 2405 1262 2447 modum
1287 2405 1471 2446 tubarum
1499 2406 1686 2449 ederent!
1688 2408 1780 2461 ‘'m‘)
1810 2408 1950 2450 Adhuc
1966 2413 2101 2452 nostro
2126 2414 2304 2463 tempore
2316 2422 2441 2463 prope
2490 2402 2497 2410 ’

350 2474 549 2526 Neapolin
576 2475 620 2514 ιιι
644 2475 763 2515 litore
790 2474 914 2515 maris
942 2487 964 2514 e
993 2472 1156 2525 regione
1184 2471 1344 2511 Vesuvii
1380 2475 1550 2512 statuam
1579 2471 1639 2513 Sti
1667 2475 1840 2514 Ianuarii
1875 2475 2105 2516 collocatam
2142 2490 2227 2517 esse
2263 2475 2442 2517 referunt

350 2540 524 2584 viatores
547 2540 645 2581 illuc
672 2540 862 2592 profecti,
889 2552 1010 2592 quam
1038 2538 1178 2579 dextra
1203 2550 1338 2577 versus
1361 2535 1576 2578 Vesuvium
1603 2541 1779 2580 montem
1805 2539 1962 2582 sublata
1985 2554 2119 2582 omnes
2144 2541 2230 2583 eius
2268 2541 2441 2593 impetus

349 2606 400 2647 ab
428 2606 528 2646 urbe
556 2604 774 2647 defendere
798 2617 914 2656 posse
939 2603 1093 2644 incolae
1124 2603 1299 2644 credant.

482 2793 517 2833 ‘)
551 2792 600 2825 Cf.
627 2792 806 2826 Liebrecht
827 2793 848 2826 1.
870 2793 891 2826 1.
914 2802 946 2835 p.
971 2792 1043 2825 106.
1067 2791 1206 2824 Photius
1229 2789 1306 2823 bibl.
1327 2791 1378 2825 ed.
1401 2791 1532 2825 Becker
1557 2802 1589 2835 p.
1612 2792 1664 2825 58.

469 2867 522 2907 ··)
544 2866 593 2899 ef.
616 2868 704 2899 Acta
725 2867 875 2900 sanctor.
898 2865 1049 2900 Bouand.
1074 2865 1173 2898 Febr.
1196 2867 1228 2905 3,
1252 2875 1284 2907 p.
1307 2866 1381 2906 225,
1407 2870 1440 2899 et
1466 2865 1558 2900 Roth
1580 2867 1601 2900 1.
1623 2867 1644 2900 ι.
1669 2877 1702 2908 p.
1725 2867 1799 2900 292.
2250 2851 2284 2890 Ο

441 2939 515 2981 w)
538 2939 626 2973 Rom
649 2939 787 2982 (Reium
807 2941 842 2974 in
868 2939 1109 2981 eadmund)
1132 2939 1160 2979 ι,
1183 2939 1248 2973 292
1272 2938 1386 2979 resen,
1409 2950 1451 2974 ω
1475 2925 1629 2982 opinione
1652 2940 1851 2975 rusticorum
1871 2940 1906 2974 in
1931 2940 2050 2974 vicinia
2071 2940 2164 2974 urbis
2186 2939 2335 2973 suntow
2359 2938 2439 2972 Ale-

339 2994 511 3030 marum
541 2993 718 3028 daemones
747 2995 820 3037 Gog
842 2998 877 3028 et
902 2995 1028 3037 Magog
1053 2992 1118 3037 (cf.
1138 2992 1336 3036 Apocalyps.
1365 2994 1418 3035 20,
1441 2994 1478 3037 8)
1504 2995 1652 3030 Caucaso
1680 2995 1786 3029 monti
1810 2994 1989 3035 inclusisse
2022 2998 2056 3029 et
2083 2995 2119 3028 in
2147 2992 2323 3037 speluncae
2352 2992 2442 3026 ostio

340 3049 521 3084 duodecim
546 3048 647 3084 tubas
671 3049 860 3089 collocasse,
880 3059 967 3092 quae
986 3053 1087 3083 vento
1105 3049 1255 3082 intrante
1276 3053 1444 3090 sonarent,
1480 3061 1547 3094 quo
1569 3054 1685 3093 gentes
1707 3050 1836 3084 illorum
1857 3050 2053 3085 dammum
2074 3049 2328 3084 deterrerentur.
