2781 3609
2423 366 2477 407 8⁷

387 445 759 532 vulgnseppenat,
783 469 1500 518 mfimoefuudensoraculafl
1554 469 2027 518 Etiamauctorilibri,
2058 469 2142 511 cui·
2191 470 2479 511 Kaisa-chunst

389 543 626 596 imm-iptmn
652 545 730 592 est,
763 542 863 585 baec
895 554 963 585 res
996 538 1218 583 innotuisse
1244 535 1432 586 videtur·
1468 534 1539 588 qui
1573 547 1599 575 a
1631 533 1775 575 esteris
1808 547 1969 587 prorsus
2001 534 2222 576 abhorrens
2250 538 2295 578 et
2317 534 2479 589 Virgilii

390 609 557 664 quidem
591 621 735 650 nomen
766 619 849 648 non
878 606 1100 658 adponens,
1138 615 1226 645 rem
1259 602 1321 644 ita
1337 599 1563 654 proponit:
1611 598 1897 650 Imperatorem
1920 602 2111 641 Iuliarum
2144 613 2172 641 a
2201 599 2272 652 pia
2306 600 2480 653 quadam

389 674 514 717 vidua
534 673 748 717 educatum
768 670 939 723 posthae
953 670 1050 712 eius
1071 669 1262 722 peamias
1292 649 1402 719 apud
1436 678 1498 708 se.-
1491 663 1706 714 -depositas
1742 664 2015 715 custodivisse,
2060 669 2147 706 tum
2181 678 2276 707 vero
2311 666 2480 707 avaritia

391 738 598 780 ineensum
621 735 838 777 abiurasse.
869 730 1043 774 Viduam
1069 731 1131 773 ita
1156 730 1290 774 subito
1310 729 1363 771 ad
1392 731 1613 770 extremam
1637 731 1911 781 paupertatem
1937 730 2138 772 redactam
2162 728 2334 772 lavando
2356 730 2479 773 vitam

392 804 652 848 sustentasse,
687 801 729 839 et
754 794 955 849 quondam
989 795 1034 836 in
1059 808 1180 837 amne
1200 794 1337 836 Tiberi
1365 792 1542 846 ligneum
1568 794 1756 834 Ματιανὰ·
1777 794 2033 835 simulacrum
2069 796 2336 848 conspexisse,
2372 796 2480 849 quod

392 867 474 921 ipsi
499 864 670 908 salutem
694 865 737 905 et
761 861 955 903 bonorum
978 858 1213 902 amissorum
1246 857 1587 910 recuperationem
1615 859 1872 910 promitteret
1941 860 2027 902 Iam
2062 861 2256 904 Iulianum
2293 876 2320 905 a
2359 863 2482 905 vidua

393 929 689 986 expostulatum
715 939 820 975 esse,
853 927 901 967 ut
934 937 1069 966 eoram
1100 924 1170 967 illo
1196 923 1425 970 simulacro,
1461 936 1582 964 manu
1609 924 1651 965 in
1679 926 1764 966 eius
1785 939 1834 967 os
1859 926 2042 975 inducta,
2068 926 2234 977 iuraret,
2266 941 2346 981 quo
2371 927 2481 971 facto

398 1009 542 1041 manus
566 995 653 1036 eius
679 1006 705 1034 a
729 991 889 1043 lapideo
911 1003 980 1031 ore
1006 1002 1231 1042 compressa
1255 1003 1305 1032 ac
1332 988 1530 1030 mordicus
1557 993 1670 1031 tenta
1692 995 1815 1039 esset,
1846 991 1972 1033 donec
1998 992 2174 1033 Iulianus
2207 998 2344 1045 raptas
2382 1007 2480 1047 opes

395 1060 640 1105 restituisset
664 1060 707 1098 et
732 1055 852 1098 fidem
880 1054 1147 1096 Christianam
1171 1067 1309 1096 rursus
1331 1054 1576 1107 abnegasset.
1630 1056 1729 1097 Tum
1755 1057 1914 1099 demum
1939 1058 2046 1100 hunc
2069 1060 2347 1111 imperatorem
2365 1075 2475 1104 erea-

401 1132 489 1171 tum
517 1123 708 1168 Mercurii
737 1122 887 1164 cultum
913 1120 1071 1172 publice
1097 1120 1325 1179 instituisse.
1388 1120 1508 1161 Cuius
1532 1120 1659 1173 mythi
1685 1134 1779 1163 sane
1805 1123 2001 1169 mirabilis
2034 1138 2081 1165 ac
2107 1124 2315 1176 peculiaris
2339 1140 2477 1171 monu-

401 1194 581 1235 mentum
606 1202 692 1231 esse
717 1188 898 1234 videtur,
934 1185 1041 1237 quod
1074 1184 1295 1237 hodieque·
1297 1201 1310 1237 )
1335 1185 1485 1226 Romae
1520 1186 1562 1226 in
1588 1186 1691 1226 atrio
1726 1187 1865 1238 templi
1891 1187 1984 1228 Stae
2010 1187 2160 1229 Mariae
2191 1190 2233 1230 in
2260 1190 2480 1243 Cosmedin,

396 1271 502 1313 quae
524 1255 648 1298 etiam
674 1251 835 1302 „schola
859 1250 1033 1292 Graeca“
1057 1249 1283 1302 appellatur
1321 1252 1362 1291 et
1396 1249 1491 1290 olim
1519 1249 1579 1291 Sti
1606 1250 1817 1304 Augustini
1852 1252 1990 1293 schola
2016 1252 2137 1295 fuisse
2161 1254 2204 1294 in
2228 1254 2483 1300 Mirabilibus

396 1326 546 1371 fertur,
572 1321 714 1372 ingens
739 1316 948 1358 marmoris
982 1314 1116 1356 crusta
1152 1318 1394 1362 asservatur,
1430 1316 1542 1356 cuius
1578 1328 1671 1367 pars
1707 1318 1841 1359 antica
1871 1318 2084 1358 humanam
2120 1317 2261 1360 faciem
2294 1334 2362 1363 ore
2394 1324 2480 1366 late

397 1386 562 1429 diducto
590 1382 765 1424 ostendit
784 1385 826 1423 et
844 1395 946 1434 quae
963 1381 1082 1434 vulgo
1102 1394 1128 1422 a
1140 1379 1332 1421 Romanis
1347 1379 1491 1427 „bocca
1508 1380 1614 1421 della
1633 1382 1780 1424 veritiw
1799 1383 2042 1435 appellatur,
2064 1383 2209 1434 quippe
2226 1386 2331 1436 quod
2348 1389 2477 1431 media

398 1455 532 1496 aetate
559 1448 612 1490 ad
640 1447 923 1499 explorandam
948 1447 1156 1487 veritatem
1185 1457 1303 1496 saepe
1339 1444 1521 1486 adhibita
1559 1446 1631 1494 sit,
1673 1444 1732 1486 vel
1768 1444 1875 1496 apud
1911 1445 2106 1487 iuratoros
2139 1447 2189 1489 de
2221 1463 2265 1491 re
2303 1453 2480 1505 qualibet

399 1517 466 1558 vel
493 1512 601 1566 apud
627 1512 781 1564 puellas
794 1542 803 1559 ‚
828 1524 998 1563 quarum
1025 1511 1187 1552 castitas
1213 1510 1525 1551 addubitaretur.
1580 1511 1791 1562 Inscriptio
1818 1511 1962 1559 latina,
1990 1525 2090 1563 quae
2104 1525 2226 1564 prope
2241 1516 2338 1557 illud
2359 1525 2480 1571 capnt

398 1581 528 1623 incisa
552 1580 636 1626 est,
663 1575 855 1624 affirmat,
881 1576 1067 1623 „buccam
1092 1576 1294 1616 veritatis*
1321 1575 1485 1627 antiquo
1513 1579 1688 1628 tempore
1716 1577 1758 1616 in
1778 1576 1927 1627 templo
1953 1577 2267 1621 IovisAmmonis
2291 1582 2409 1624 fuisse
2437 1588 2480 1625 et

396 1649 443 1690 in
469 1645 639 1689 eundem
679 1643 798 1685 finem
827 1643 1050 1684 adhibitum
1084 1656 1180 1684 esse.
1254 1643 1383 1695 Huius
1420 1657 1514 1684 vero
1547 1643 1605 1683 rei
1637 1642 1813 1682 inventio
1849 1642 1983 1683 media
2009 1648 2138 1686 aetate
2166 1645 2334 1699 Virgilio
2363 1663 2477 1702 mago

402 1713 522 1765 vulgo
559 1709 877 1757 adscribebatur,
909 1708 952 1748 id
987 1708 1093 1760 quod
1128 1709 1247 1748 etiam
1283 1709 1508 1761 germanica
1535 1707 1779 1748 Mirabilium
1812 1706 2021 1747 translatio
2058 1710 2187 1750 seculo
2213 1712 2308 1752 XIV
2333 1715 2480 1766 scripta

396 1778 554 1821 obtinet
576 1779 619 1817 et
643 1777 851 1826 praeterea
886 1773 1015 1826 ignoti
1042 1773 1246 1814 cuiusdam
1286 1777 1426 1825 poetae
1465 1787 1635 1821 carmen,
1662 1786 1788 1823 nuper
1813 1773 1855 1812 in
1882 1772 2041 1813 Pfeiferi
2067 1774 2280 1818 Germania
2305 1779 2372 1827 lv,
2400 1784 2475 1822 237

402 1845 577 1892 editum,
621 1839 787 1881 fortasse
812 1838 986 1880 eiusdem
1015 1838 1155 1888 seculi,
1182 1839 1293 1880 cuius
1318 1839 1506 1880 carminis
1529 1839 1684 1880 initium
1712 1838 1849 1879 saltem
1878 1851 1925 1879 ac
1948 1837 2066 1880 finem
2094 1842 2315 1887 exscribere
2338 1845 2477 1888 liceat:

654 1905 765 1954 „Von
791 1905 920 1945 einem
945 1904 1031 1955 pild
1058 1917 1101 1945 ze
1126 1905 1234 1945 rdme
1261 1904 1336 1944 daz
1362 1905 1440 1945 den
1467 1904 1781 1955 eprecherinnen
1807 1904 1871 1944 die
1897 1904 2036 1957 vinger
2061 1906 2111 1946 ab
2135 1908 2256 1958 peiz.“

817 1969 1029 2022 „Virgilius
1055 1968 1119 2010 die
1148 1969 1301 2011 Kiinste
1329 1971 1391 2010 sin

815 2035 868 2075 Ze
897 2035 1019 2077 Rome
1047 2050 1100 2077 an
1127 2036 1255 2077 einem
1281 2035 1388 2087 pilde
1415 2035 1489 2075 wol
1516 2035 1594 2076 liez
1620 2034 1779 2076 werden
1805 2036 1929 2085 schin,

766 2101 770 2103 ’
813 2100 897 2140 Daz
923 2115 968 2140 er
993 2101 1199 2152 gemachet
1223 2100 1292 2140 het
1316 2101 1390 2139 mit
1417 2102 1530 2139 sinen
1558 2099 1727 2139 handen.

813 2162 966 2205 Swelhe
993 2164 1111 2206 frowe
1138 2164 1325 2215 zerprach
1351 2164 1389 2204 ir
1412 2166 1458 2204 er

686 2230 730 2270 εό
757 2229 827 2269 het
855 2228 930 2268 daz
953 2230 1038 2281 pild
1064 2230 1129 2271 die
1155 2228 1295 2276 Kraffi
1317 2227 1384 2269 die
1411 2229 1540 2269 Kunst
1566 2229 1648 2269 und
1676 2230 1777 2270 ouch
1804 2230 1869 2272 die
1896 2232 1965 2280 len

686 2294 759 2334 daz
781 2307 825 2334 ez
852 2296 887 2333 si
913 2295 1058 2344 pracht
1084 2309 1153 2335 vor
1179 2294 1416 2333 miinniclich
1448 2308 1491 2335 ze
1520 2295 1729 2336 schanden.

684 2359 738 2401 vil
764 2359 949 2413 mannige
975 2359 1094 2401 frowe
1118 2360 1224 2400 zwen
1249 2358 1387 2412 vinger
1416 2364 1547 2402 muost
1571 2359 1661 2402 dem
1688 2361 1773 2413 pild
1798 2376 1842 2403 ze
1869 2360 2021 2404 wandel
2047 2362 2185 2415 geben,

678 2425 748 2465 die
776 2425 860 2477 legt
882 2438 976 2465 man
1002 2427 1057 2465 im
1084 2425 1264 2464 in·sinen
1290 2428 1415 2473 munt,
1454 2465 1460 2471 ‚

683 2491 750 2530 die
775 2490 864 2541 peiz
888 2503 931 2530 es
957 2490 1037 2530 dan
1062 2489 1141 2529 den
1167 2488 1353 2529 valschen'
1379 2489 1430 2530 ab
1458 2489 1537 2528 und
1566 2489 1699 2529 macht
1722 2490 1778 2530 sie
1806 2496 1920 2539 wunt,

683 2556 757 2597 daz
784 2556 842 2597 sie
867 2555 949 2597 dan
972 2556 1113 2597 fiirbaz
1136 2559 1293 2596 muostn
1321 2556 1363 2595 in
1391 2554 1593 2596 schanden
1621 2554 1770 2596 leben.“

499 2623 587 2663 Iam
612 2624 733 2671 poeta
758 2621 969 2680 nmatqde
995 2635 1118 2662 uxore
1142 2621 1345 2661 cuiusdam
1370 2620 1620 2671 imfflratoris
1647 2620 1909 2666 historiolam,
1936 2634 2036 2671 quae
2064 2634 2142 2660 non
2161 2621 2362 2663 immerito
2379 2637 2477 2675 per·

391 2690 510 2732 fidiae
536 2688 720 2737 suspecta
745 2689 787 2726 et
812 2685 864 2725 ad
890 2687 1166 2740 purgationem
1192 2698 1265 2737 per
1288 2685 1388 2725 illud
1415 2684 1666 2730 simulacrum
1695 2683 1914 2723 faciendam
1941 2688 2095 2733 coacta,
2122 2686 2308 2727 muliebri
2325 2691 2479 2732 astutia.

393 2753 612 2798 efficaciam
631 2752 716 2791 eius
736 2754 920 2790 avertens
939 2764 1099 2790 manum
1113 2750 1259 2790 salvam
1274 2750 1493 2790 detraxerit
1510 2740 1552 2789 et
1568 2749 1630 2787 his
1650 2748 1779 2788 verbis
1798 2748 1954 2788 artificii
1970 2750 2278 2792 destructionem
2292 2757 2474 2805 exponit:

683 2814 798 2862 „Alsa
825 2814 972 2855 zehant
995 2811 1086 2852 dem
1112 2811 1253 2854 Kajser
1279 2827 1423 2863 spranc
1449 2813 1523 2853 daz
1550 2813 1673 2853 horen
1700 2812 1783 2860 abe,

680 2892 725 2919 er
756 2879 864 2932 gund
893 2880 955 2918 sin
981 2877 1127 2918 srowen
1155 2877 1360 2918 friuntlich
1387 2891 1459 2919 zuo
1484 2878 1540 2918 im
1565 2881 1707 2919 setzen.
2170 2908 2185 2918 Ι

673 2938 746 2985 der
768 2944 910 2984 Kaiser
936 2955 1008 2982 zuo
1034 2942 1106 2982 der
1129 2942 1277 2983 froweu
1301 2945 1464 2994 sprach=
1510 2944 1567 2989 „ir
1592 2943 1691 2982 habt
1715 2943 1789 2982 mit
1812 2943 1925 2983 recht
1952 2951 2212 2996 gewunnenf‘

499 3086 535 3130 ⁸)
557 3084 606 3120 Cf.
627 3086 805 3129 Gregorov.
826 3086 847 3120 l.
871 3085 892 3119 l.
917 3085 976 3128 IV,
1001 3085 1075 3120 629.
