2781 3609
1448 1021 2154 1061 memnitaepmissmominm,

1449 1077 1672 1116 Uim,
1696 1077 1853 1118 quodvis
1875 1077 2173 1118 omliaecoynoswc
2191 1077 2315 1117 ρωείε.

1554 1143 1670 1186 Virgil.
1693 1142 2260 1184 Dirar.1iber,v.82inAnthoL

290 1294 391 1358 M
384 1316 532 1355 &abach
566 1314 725 1364 Vityilii
749 1312 829 1354 sive
843 1312 1022 1360 ,fabellas
1049 1314 1099 1356 de
1126 1328 1173 1357 eo
1196 1315 1309 1369 quasi
1328 1315 1610 1357 miraculorum
1628 1319 1789 1357 auctore
1813 1316 1945 1358 media
1960 1319 2090 1358 aetate
2108 1318 2360 1372 pervulgatus

279 1381 503 1433 expositum
510 1378 630 1419 liceat
638 1376 738 1416 mihi
747 1376 921 1417 breviter
940 1376 992 1418 ad
1014 1376 1233 1435 libellum*)
1242 1394 1456 1428 recurrere,
1470 1393 1591 1433 quein
1607 1380 1754 1422 abhinc
1767 1379 1903 1423 decem
1915 1382 2031 1423 annis
2050 1382 2139 1433 pari
2152 1385 2359 1428 occasione

285 1444 483 1489 scribendi
509 1443 644 1483 oblata
670 1441 884 1494 conscripsi
908 1445 948 1483 et
975 1442 1018 1482 in
1047 1457 1126 1495 quo
1152 1445 1202 1487 de
1229 1445 1477 1486 memorabili
1503 1458 1550 1485 ac
1578 1446 1851 1497 superstitioso
1883 1445 1992 1485 cultu
2016 1445 2171 1487 Maroni
2185 1449 2280 1491 inde
2305 1451 2359 1492 ab

280 1512 444 1563 antiquo
457 1509 666 1550 Caesarum
682 1510 860 1558 tempore
881 1519 955 1558 per
978 1507 1150 1551 mediam
1175 1513 1346 1552 aetatem
1361 1524 1486 1563 usque
1505 1509 1656 1552 tributo
1673 1511 1734 1552 ita
1753 1510 1939 1559 disserui,
1967 1513 2014 1551 ut
2039 1512 2211 1563 primum
2229 1514 2362 1558 obiter

281 1579 437 1618 tantum
463 1585 708 1617 enarrarem,
748 1574 994 1624 quantopere
1020 1585 1118 1624 prae
1145 1574 1285 1616 ceteris
1312 1574 1580 1615 Romanorum
1605 1574 1734 1626 poetis
1760 1574 1827 1614 hic
1851 1574 1936 1624 ipse
1963 1574 2068 1615 iusta
2093 1590 2140 1617 ac
2157 1591 2254 1620 sana
2273 1581 2359 1621 eius

282 1640 432 1695 ingenii
453 1637 727 1680 aestimatione
754 1637 882 1694 cultus
912 1639 1047 1686 esset,·
1066 1640 1151 1678 tum
1189 1639 1486 1690 superstitiosae
1521 1639 1629 1680 illius
1663 1642 1784 1692 atque
1816 1638 2049 1694 immodicae
2090 1644 2357 1687 venerationis

278 1705 445 1759 vestigia
460 1716 737 1755 persequerer,
757 1714 860 1758 quse
877 1704 918 1742 et
933 1702 977 1742 in
994 1705 1196 1757 centonibus
1216 1703 1513 1757 compingendis
1527 1707 1568 1745 et
1580 1703 1624 1743 iii
1638 1705 1798 1744 cortz‘bue
1816 1702 2005 1744 ducendis
2025 1707 2066 1749 ‚et
2082 1704 2125 1745 in
2142 1706 2357 1761 allegorica

278 1775 420 1825 poetae
454 1769 569 1823 quasi
593 1770 740 1810 Christi
772 1767 878 1809 inter
919 1767 1087 1821 gentiles
1114 1772 1304 1821 praeconis
1338 1772 1498 1822 vata-que
1528 1768 1876 1820 interpretatione,
1909 1768 2078 1824 denique
2113 1770 2157 1811 in
2193 1775 2361 1827 mystica

278 1837 365 1878 eius
395 1835 509 1890 quasi
543 1834 857 1886 transfiyuratzbne
893 1845 920 1890 a
946 1833 1093 1875 Dantio
1130 1834 1230 1875 Italo
1263 1837 1447 1885 suscepta
1481 1833 1694 1884 conspicua
1730 1836 1874 1875 essent.
1938 1833 2073 1874 Unum
2109 1834 2228 1888 i‘dque
2262 1840 2359 1881 satis

279 1901 535 1944 memorabile
561 1903 785 1951 supererat,
812 1898 918 1951 quod
939 1902 1026 1940 tum
1055 1898 1153 1940 fines
1172 1899 1312 1941 'libello
1336 1899 1559 1951 propositos
1575 1911 1827 1940 excessurum
1841 1898 2070 1948 videbatur,
2095 1899 2250 1945 fabulas
2266 1904 2356 1948 dico

282 1969 530 2020 portentosas
555 1964 605 2006 de
641 1977 688 2006 eo
723 1963 854 2008 medio
892 1977 988 2005 aevo
1027 1963 1287 2007 circumlatas,
1349 1964 1489 2017 Itaque
1521 1963 1640 2004 huius
1673 1965 1899 2016 argumenti
1935 1965 2212 2006 tractationem
2250 1981 2357 2010 nunc

280 2032 482 2074 absolvere
508 2032 553 2071 in
579 2031 711 2071 animo
738 2033 809 2071 est.
861 2029 974 2078 Quod
1000 2043 1122 2082 quum
1147 2030 1228 2070 iam
1253 2043 1279 2070 a
1303 2029 1571 2080 compluribus
1594 2028 1690 2068 viris
1717 2027 1906 2080 doctis**)
1926 2029 1989 2070 vel
2012 2030 2182 2071 strictim
2203 2034 2361 2075 tantum

278 2100 472 2138 attactum
507 2095 570 2137 vel
603 2095 847 2136 accuratiore
880 2094 1158 2147 disquisitione
1192 2094 1438 2146 exploratum
1472 2094 1540 2144 sit,
1583 2094 1774 2136 confiteor
1819 2094 1919 2134 mihi
1967 2107 2040 2145 pro
2076 2096 2173 2136 meis
2207 2098 2360 2141 viribus

279 2159 619 2215 investigandique
642 2159 851 2213 praesidiis
877 2163 968 2212 post
992 2160 1083 2201 illos
1109 2159 1192 2202 fere
1218 2160 1321 2201 nihil
1346 2159 1528 2202 relictum
1554 2159 1693 2209 fuisse,
1719 2172 1840 2212 quam
1867 2162 1914 2200 ut
1937 2163 1980 2201 et
2007 2160 2163 2213 singula
2188 2162 2255 2205 hio
2275 2165 2361 2207 illio

279 2226 460 2277 dispersa
485 2226 710 2280 colligerem
734 2230 777 2268 et
801 2226 845 2266 in
872 2226 1128 2277 conspicuum
1152 2225 1330 2267 ordinem
1352 2224 1511 2266 redacta
1546 2226 1695 2276 passim
1721 2225 1981 2276 explicarem,
2017 2224 2208 2278 denique,
2248 2230 2358 2281 quod

280 2304 361 2332 non
382 2291 476 2332 -sine
509 2290 644 2363 aliqua
677 2303 800 2342 opera
833 2289 922 2331 fieri
959 2293 1134 2342 poterat,
1159 2289 1405 2343 principales
1441 2289 1525 2330 eius
1564 2290 1623 2331 rei
1659 2293 1840 2331 auctores
1875 2303 1898 2330 e
1937 2288 2137 2330 codicibus
2173 2303 2360 2346 magnam

280 2358 436 2408 partem
458 2354 669 2395 rarissimis
692 2354 745 2395 ad
769 2354 934 2396 verbum
959 2354 1177 2407 descriptos
1203 2367 1480 2407 proponerem,
1520 2354 1666 2406 quippe
1703 2354 1809 2407 quod
1837 2354 2028 2410 hactenus
2054 2367 2080 2394 a
2105 2355 2214 2397 nullo
2239 2358 2360 2408 plene

278 2421 428 2462 factum
453 2434 538 2463 esse
576 2420 760 2461 viderem.
828 2420 915 2470 Qua
942 2421 985 2461 in
1011 2434 1056 2462 re
1084 2433 1164 2462 non
1186 2421 1326 2469 timeo,
1354 2433 1402 2461 ne
1432 2418 1676 2461 Ciceroniani
1711 2419 1818 2460 inter
1844 2417 2041 2462 iuveniles
2077 2419 2197 2461 huius
2231 2420 2361 2463 libelli

281 2486 464 2534 lectores,
492 2499 614 2538 quum
639 2486 737 2526 istos
763 2486 997 2558 plerumque
1030 2489 1216 2538 corrupta
1242 2485 1440 2526 latinitate
1468 2484 1627 2525 affectos
1651 2485 1756 2525 locos
1783 2485 2041 2539 perlegerint,
2068 2497 2214 2536 purum
2237 2494 2363 2539 atque

282 2551 502 2605 elegantem
528 2551 718 2594 sermonis
745 2538 916 2593 nitorem
941 2551 1025 2593 ulla
1052 2565 1102 2594 ex
1127 2554 1241 2604 parte
1254 2550 1481 2603 corrupturi
1499 2550 1597 2600 sint,
1625 2564 1671 2591 ac
1688 2550 1832 2591 simul
1820 2564 1905 2603 ipse
1933 2552 2091 2592 veniam
2112 2554 2224 2603 peto,
2249 2553 2359 2606 quod

276 2617 322 2657 in
363 2628 553 2656 novarum
594 2614 843 2666 quarundam
874 2617 1150 2670 veteribusque
1183 2618 1409 2671 ignotarum
1446 2629 1580 2657 rerum
1616 2616 1815 2657 mentione
1847 2617 1997 2668 passim
2033 2616 2084 2657 ab
2125 2618 2362 2671 incorrupta

388 2807 421 2849 ⁸)
445 2805 494 2840 Cf.
517 2806 617 2840 Misn.
638 2805 754 2849 Progr.
777 2807 880 2842 1857:
910 2809 1162 2850 „Memorabilia
1185 2808 1402 2856 Yirgilians‘fl

374 2861 427 2907 ι*·)
447 2863 532 2898 Prae
552 2863 688 2904 ceteris,
710 2874 849 2906 quorum
875 2866 1013 2901 nomina
1040 2867 1076 2901 in
1106 2867 1251 2901 Graesse
1275 2866 1340 2901 All.
1360 2864 1638 2908 Literaturgescli.
1670 2864 1718 2905 H,
1741 2865 1763 2898 2
1791 2864 1937 2897 citantur
1970 2863 2055 2898 duos
2084 2866 2123 2898 ut
2151 2864 2298 2908 insignes
2327 2868 2362 2899 et

276 2920 458 2962 locupletes
480 2918 577 2952 huius
599 2918 648 2952 rei
668 2918 920 2961 investigatores
941 2920 1134 2962 praedicare
1168 2921 1350 2956 debemus:
1377 2920 1535 2959 Rothium
1563 2920 1598 2953 iii
1618 2918 1752 2965 Pseiferi
1774 2919 1953 2953 Germania
1973 2919 2023 2952 IV
2052 2922 2086 2953 et
2110 2919 2360 2954 Massmannnm

277 2974 328 3008 iii:
353 2972 655 3015 „Kaiserclironik“
680 2972 738 3006 111.
781 2973 961 3015 Praeterea
982 2975 1125 3017 gratiam
1145 2976 1254 3010 habeo
1278 2976 1453 3010 maximam
1485 2975 1636 3018 publicae
1665 2974 1883 3008 bibliothecae
1911 2973 2026 3016 regiae
2046 2972 2245 3017 Bracmani,
2269 2985 2360 3019 quas

275 3029 405 3072 largam
426 3027 584 3062 librorum
604 3027 730 3071 copiam
749 3026 1031 3063 mibiliberaliter
1050 3030 1226 3065 concessit.

2132 3097 2151 3129 i
